4559 6859
1192 626 1231 691 r
1258 592 1383 690 06
2209 663 2219 677 .
2268 582 2711 689 Porcellus
2745 524 3154 689 'Indicum

1176 762 1637 879 pluiculum
1662 774 1881 851 circa
1898 718 2670 879 corpnispyramidate
2709 738 3375 876 cdnspiciebamrss
3431 758 3874 852 Testiculus
3895 790 4087 853 cum

1183 877 1737 989 epididymide
1757 880 2148 991 pendebat
2192 880 2602 989 scrupulos
2625 876 2859 965 duos.

1295 996 1394 1071 In
1409 990 1718 1092 foemella
1752 1013 1936 1078 natu
1975 984 2406 1105 grandiore
2430 1060 2456 1097 ,
2513 992 2863 1077 exterius‘
2903 994 3241 1076 cervicis·
3275 986 3478 1076 uteri
3513 986 3924 1072 orificium
3952 1016 4088 1072 or.

1184 1104 1629 1188 biculatum
1666 1164 1694 1207 ,
1754 1112 1883 1203 δε,
1938 1130 2081 1219 pro
2102 1105 2454 1191 animalis
2479 1133 2607 1189 ma
2673 1100 3472 1213 nitud-ine‚amplum
3503 1107 3878 1187 cernitur.
3907 1109 4094 1189 cer·

1182 1213 1343 1298 vix
1364 1213 1529 1326 ipsa
1554 1218 1749 1297 duos
1774 1216 2097 1327 pollices
2124 1218 2372 1331 longa
2388 1220 2551 1318 est‘,
2609 1134 3001 1321 {rificium
3031 1217 3360 1299 interius
3386 1279 3412 1316 ,
3465 1210 3710 1295 instar
3731 1216 4090 1403 P²F¹uae’

1186 1329 1271 1405 in
1306 1330 1683 1409 intimum
1730 1335 2066 1409 cervicis
2118 1326 2368 1415 finum
2406 1328 2970 1441 protuberans»,
3029 1333 3150 1408 ita
3193 1322 3646 1425 clauditur,
3699 1344 3792 1403 ut
3848 1329 4094 1433 pecil.

1185 1438 1353 1520 lum
1377 1457 1635 1523 tamen
1663 1437 2073 1521 mediocre
2097 1447 2304 1526 citra
2357 1444 2528 1523 vim
2549 1438 2976 1523 admittat.
3031 1434 3446 1525 orificium
3471 1437 3634 1521 hoc
3649 1462 3841 1519 mox
3873 1438 3954 1520 in
3973 1436 4096 1521 bi-

1186 1576 1290 1631 na
1312 1557 1516 1634 uteri
1551 1580 1829 1638 cornua
1874 1557 2277 1663 aperitur,
2331 1577 2506 1661 quae
2553 1548 2887 1743 suggrnc
2929 1549 3196 1661 parvis
3229 1544 3614 1661 glandulis
3659 1545 3792 1631 alli
3903 1572 4092 1635 ntur

1185 1669 1445 1775 (quas
1474 1690 1621 1773 pro
1662 1664 2045 1746 testiculis
2072 1663 2400 1774 habeo)
2449 1672 2634 1747 exin
2797 1684 2894 1748 ue
2938 1658 3236 1773 duplici
3257 1661 3762 1763 membrana,
3867 1679 4094 1771 peri-

1188 1794 1407 1857 tonaeo
1436 1784 1652 1859 circa
1676 1772 2051 1861 musculos
2073 1778 2445 1859 lumbare:
2468 1796 2646 1859 orta
2667 1824 2715 1869 ,.
2804 1770 3028 1874 orso,
3061 1774 3424 1875 renibus,
3479 1790 3718 1885 atque
3739 1776 3952 1853 inter
3975 1770 4089 1885 se,

1186 1891 1643 1994 cervicique
1698 1885 1846 1970 suae
1874 1886 2422 1977 adneauntur.
2485 1889 2963 1972 Membrana
2991 1883 3210 1987 haec,
3295 1879 3798 1997 pinguedine
3827 1892 4092 1967 muni·

1192 2016 1317 2091 ta,
1383 1998 1747 2082 vasorum
1806 2007 1892 2078 in
1934 2022 2247 2084 uterum
2297 1996 2843 2081 distributioni
2893 1989 3250 2083 inservit.
3315 2001 3696 2083 com-ain
3745 1989 4092 2105 figuram

1190 2111 1551 2191 conicam
1586 2113 1967 2219 paulatim
2008 2108 2414 2203 defluunt,
2449 2108 2608 2226 'ipfi
2677 2138 2775 2193 ue
2793 2134 3088 2193 eorum
3139 2112 3378 2217 apicis
3427 2115 3804 2217 utrinque
3843 2102 3946 2187 ad
3967 2134 4092 2191 re-

1188 2246 1319 2301 nes
1344 2218 1856 2329 pertendunt.
1916 2224 2091 2337 Ipsa
2132 2223 2558 2333 aliquanto
2599 2138 2862 2336 spatio
2912 2217 3108 2307 foris
3158 2220 3792 2333 protenduntur,
3875 2226 4092 2303 intus

1195 2353 1390 2411 vero
1454 2330 1958 2431 membrana,
2030 2360 2171 2419 ceu
2220 2330 2498 2445 septo,
2543 2333 3096 2433 dirimuntur,
3151 2330 3381 2441 paulo
3421 2328 3646 2445 fiipra
3687 2325 4084 2417 orificium

1190 2443 1399 2524 uteri
1453 2448 1801 2528 interius,
1864 2452 1965 2527 In
1993 2447 2378 2529 utrolibet
2397 2436 2876 2555 cornufaeteae
2915 2440 3495 2555 reperiebatur,
3548 2445 3798 2553 major
3819 2460 4086 2527 autem

1192 2560 1276 2635 in
1298 2552 1633 2638 finistro.
1694 2554 2051 2640 Aderant
2074 2562 2318 2639 etiam
2346 2558 2524 2641 duae
2551 2558 2756 2640 albae
2780 2558 3400 2666 protuberantiae
3423 2621 3451 2664 ,
3506 2550 3556 2641 a
3603 2554 3854 2639 latere
3873 2556 4090 2641 uteri

1190 2667 1463 2747 versus
1508 2656 1812 2780 spinam
1846 2676 2189 2753 exterius
2232 2662 2844 2779 conspiciendae.
2899 2668 3496 2753 Protuleraentiae
3546 2662 3752 2774 istae,
3803 2673 4092 2779 apertis

1190 2778 1565 2861 cornibus
1594 2841 1626 2882 ‚
1692 2788 2044 2885 placenta
2098 2779 2250 2864 esse
2297 2772 3138 2891 deprehendebantur3
3200 2773 3644 2884 iildemque
3667 2775 3900 2862 faetus
3941 2775 4088 2860 ad-

1194 2887 1619 2975 haerebant.
1748 2890 2165 3001 Qaelibet
2208 2890 2570 3001 placenta
2599 2940 2626 2980 ‚
2675 2912 2822 2971 ceu
2869 2888 3238 3000 gemina,
3293 2893 3696 3000 apparuit,
3753 2909 4092 2999 utraque

1090 3010 1103 3023 ‘
1194 3000 1411 3082 illius
1436 3022 1663 3115 parte
1684 3003 2071 3113 placentae
2126 2994 2464 3087 formam
2515 2996 2924 3085 referente.
3137 3024 3266 3081 uae
3285 3020 3530 3083 utero
3570 3005 3932 3109 proxime
3951 3000 4096 3082 ad-

1194 3114 1649 3195 nectebatur
1706 3128 2009 3219 (quam
2038 3110 2582 3221 subplaecentam
2631 3116 3052 3195 nominare
3095 3111 3154 3189 li
3211 3124 3296 3189 et
3330 3108 3356 3211 )
3407 3108 3655 3198 albidi
3677 3108 3966 3196 coloris
4007 3140 4094 3195 e·

1194 3241 1371 3315 rat;
1430 3218 1683 3305 altera
1726 3246 1925 3301 vero
1974 3220 2516 3302 rubicundior.
2639 3224 3120 3330 Qinetiam
3159 3224 3516 3301 exterior
3541 3218 3680 3302 illa
3725 3220 4096 3305 albicans

1192 3352 1585 3445 uteroque
1614 3330 1889 3419 adnata
1910 3390 1934 3431 ‚
2002 3339 2087 3415 in
2112 3336 2396 3418 minore
2414 3328 2604 3414 faetu
2628 3328 2864 3411 latior
2884 3328 3250 3441 apparuit
3275 3358 3305 3406 ε·
3363 3346 3952 3439 contmrautem
3995 3338 4091 3415 in

1194 3447 1467 3551 majore
1498 3504 1521 3535 ‚
1582 3445 1908 3524 interior
1932 3468 2023 3524 ac
2050 3442 2582 3527 rubicundior
2609 3440 3006 3554 placenta,
3067 3440 3398 3552 amplior
3431 3435 4096 3551 conspiciebatur.

1197 3552 1637 3664 Aspredines
1654 3552 2016 3665 quaedam
2040 3572 2279 3662 atque
2299 3558 2900 3667 corrugationes
2917 3558 3006 3633 in
3029 3547 3153 3635 his
3175 3552 3395 3633 uteri
3413 3554 3622 3637 locis
3652 3550 4108 3668 deprehcnn

1194 3662 1585 3749 debantur
1620 3732 1643 3763 ‚
1704 3664 1984 3775 quibus
2012 3668 2161 3768 jam
2182 3662 2412 3749 dietae
2447 3668 2841 3774 placentae
2871 3660 3503 3749 adnaicebantur.
3767 3678 3772 3681 ’

1306 3770 1605 3862 Chorion
1620 3794 1849 3859 tenue
1874 3774 2298 3865 admodum
2321 3800 2410 3855 ac
2427 3772 2912 3885 pellucidum
2936 3840 2960 3876 ‚
3019 3767 3284 3859 faetum
3327 3784 3546 3889 aquis
3583 3778 4087 3865 innatantem

1196 3882 1887 3996 amplectebatur-3
1951 3888 2506 3998 placentae-que
2527 3956 2552 3991 ,
2609 3882 3138 3970 mediantibus
3159 3882 3353 3969 vafis
3383 3951 3414 3997 ‚
3467 3912 3562 3970 ac-
3587 3886 4091 3979 membrano?

1193 4007 1277 4083 ia
1306 4000 1811 4084 connexione
1832 3994 2450 4109 adalligabatur.
2521 4088 2534 4099 ‚

1304 4110 1558 4196 Fatus
1590 4110 1853 4195 minor
1892 4134 2057 4194 erat
2106 4109 2352 4191 albidi
2396 4113 2678 4194 coloris
2708 4173 2733 4209 ,
2793 4104 3220 4220 mollisque
3245 4174 3268 4206 ,
3329 4110 3572 4197 instar·
3615 4114 4032 4197 vermiculi
4059 4164 4094 4210 ‚

1192 4221 1357 4311 five
1386 4226 1687 4333 galbae:
1738 4222 1993 4329 major
2039 4242 2306 4303 autem
2344 4222 2874 4305 rubicundior
2925 4246 3026 4333 ap
3085 4225 3337 4318 aruit,
3395 4242 3682 4333 utpote
3733 4219 3903 4309 dies
3945 4226 4094 4309 ali-2

1196 4356 1391 4445 quot
1420 4340 1674 4437 major
1702 4352 1896 4415 natu
1925 4376 1956 4432 ς
2020 4360 2193 4417 nam
2218 4334 2578 4447 partibus
2605 4332 2968 4439 omnibus,
2993 4248 3304 4421 liizsatia
3331 4329 3728 4427 distinstus
3771 4336 4088 4449 conspi-

1202 4450 1592 4537 ciebatur.
1931 4449 1937 4455 ’
3973 4460 3984 4467 ”

2299 5128 2814 5215 FINIS.
