4559 6859
2549 196 2630 280 s

1100 570 1253 694 74
2083 546 2483 655 Pilorum
2521 542 2894 657 Colores.

2198 970 2664 1055 SECT.
2773 976 2934 1059 11.

1572 1213 1701 1313 De
1778 1167 2263 1335 Pilorum,
2343 1202 3048 1343 Plumarumque
3081 1208 3535 1321 coloribus.

953 1570 970 1583 δ
1116 1464 1715 1694 RESTAT
1772 1486 1864 1549 ut
1906 1457 2352 1562 ostendam,
2414 1481 2659 1577 atque
2705 1463 3138 1577 aliquando
3184 1495 3598 1585 perorem,
3651 1498 3854 1587 quas
3905 1502 4006 1561 ex

1406 1579 1646 1665 modo
1688 1580 2153 1665 enumeratis
2216 1574 2582 1689 colorum
2633 1570 3060 1689 ,speciebus
3095 1603 3370 1667 natura
3405 1582 4006 1701 quadrupedum

1096 1697 1289 1807 pilci-
1320 1682 1760 1803 praesertim
1785 1678 2306 1781 concesserit,
2378 1688 2722 1801 quasque
2733 1693 3010 1803 plumis
3030 1700 3331 1783 avium:
3415 1696 4000 1809 nandoquidem

1118 1834 1293 1895 non
1319 1828 1581 1888 omnes
1604 1826 1774 1885 eam
1798 1796 2231 1911 promiscue
2252 1816 2494 1908 atque
2514 1826 2611 1884 ex
2637 1828 2868 1915 aequo
2889 1804 3240 1918 utrisque
3276 1811 3366 1891 in
3425 1808 3666 1897 ulfisse
3690 1861 3717 1906 2
3770 1836 4003 1919 expe·

1119 1922 1417 2000 rientia
1452 1908 1925 2026 quotidiana
1946 1929 2441 2021 compertum
2460 1910 2603 1993 est.

1240 2036 1663 2139 Qantum
1688 2028 1937 2135 igitur
1990 2020 2091 2105 ad
2113 2022 2318 2135 pilos
2355 2029 2639 2107 attinet
2662 2056 2688 2115 3
2737 2025 3221 2140 notiffimum
3257 2034 3373 2117 est
3403 2100 3430 2142 ,
3485 2032 3802 2121 colores
3851 2028 4000 2117 dfe

1124 2138 1545 2225 nonnullos
1575 2200 1601 2235 ,
1684 2134 2001 2222 viridem
2044 2159 2322 2243 nempe
2343 2198 2372 2243 ,
2427 2142 2817 2221 ceruleum
2838 2202 2868 2247 ,
2907 2137 3406 2249 sanguineum
3427 2206 3464 2253 ‚
3523 2156 3605 2229 &
3637 2168 4004 2259 purpure-

1120 2278 1292 2355 um,
1336 2276 1539 2365 quos
1566 2264 1838 2331 natura
1870 2252 2243 2348 omnium,
2291 2265 2700 2359 quotquot
2721 2247 3092 2337 haetenus
3141 2258 3372 2339 nobis
3421 2254 3875 2370 conspicere
3908 2257 3999 2340 li-

1124 2368 1293 2449 cuit
1316 2430 1349 2475 ,
1402 2369 1824 2452 Brutorum
1849 2361 2029 2470 pilis
2051 2354 2213 2441 fine
2239 2360 2396 2441 ulla
2421 2365 2906 2469 exceptione
2930 2361 3341 2471 denegaffe
3373 2366 3758 2457 videatur.
3839 2374 4001 2451 Hu-

1102 2502 1109 2511 ·
1118 2479 1245 2591 jus
1291 2499 1479 2559 vero
1508 2480 1623 2557 rei
1654 2478 1862 2553 ratio
1886 2494 1975 2557 ut
1994 2472 2284 2563 melius
2306 2476 2804 2581 inquiratur-3
2861 2500 3188 2585 aequum
3210 2476 3320 2563 est
3361 2484 3440 2565 δι
3467 2487 3944 2567 conveniens
3967 2540 4000 2589 ,

1126 2586 1470 2704 paucula
1495 2580 1599 2668 de
1634 2605 1924 2667 natura
1964 2592 2035 2671 δι
2060 2584 2564 2695 generatione
2581 2584 2919 2695 pilorum
2965 2594 3532 2697 praestruamus.

1248 2730 1323 2785 α.
1347 2703 1614 2785 Primo
1656 2705 1925 2807 itaque
1939 2693 2116 2779 loco
2146 2692 2579 2798 sciendum,
2627 2696 2837 2803 pilos
2868 2696 3188 2806 quidem
3209 2771 3236 2806 ,
3258 2704 3550 2811 quibus
3572 2701 4008 2825 quadrupe·

1124 2813 1232 2899 da
1254 2814 1426 2898 fere
1457 2816 1727 2894 omnia
1746 2870 1775 2914 ,
1836 2813 1919 2885 δε
1938 2826 2426 2891 exornantur
2449 2863 2478 2906 ,
2539 2814 2621 2887 &
2645 2799 3011 2891 adversus
3031 2838 3587 2928 quamcunque
3634 2826 3835 2902 aeris
3891 2828 4004 2905 in·

1130 2924 1651 3009 clementiam
1675 2918 2128 3002 muniuntur
2153 2960 2181 3026 3
2232 2924 2315 3000 &
2341 2914 2632 3034 quibus
2655 2916 2990 3030 ipsemet
3041 2930 3280 3009 etiam
3300 2931 3582 3016 Homo
3603 2987 3640 3029 ‚
3689 2935 4009 3017 univer·

1126 3036 1303 3121 salis
1336 3029 1831 3139 Animalium
1852 3029 2270 3125 dominus,
2314 3058 2485 3143 ,qua
2529 3032 2958 3119 venustatis
2984 3091 3014 3136 ,
3074 3062 3235 3145 qua
3275 3036 3698 3147 majestatis
3741 3068 3837 3125 ac
3880 3070 4010 3129 ve·

1132 3143 1541 3237 recundiae
1566 3169 1885 3255 quoque
1910 3148 2163 3253 gratia
2193 3198 2221 3239 ,
2276 3142 2760 3257 decoratur;
2811 3167 3044 3255 quam
3066 3148 3438 3256 proxime
3483 3148 3867 3241 accedere
3915 3150 4014 3235 ad

1129 3280 1487 3347 naturam
1510 3250 2078 3369 vagetabilium:
2131 3250 2461 3369 hocque
2495 3250 2630 3341 vel
2676 3278 2784 3337 ex
2835 3282 2942 3338 eo
2970 3253 3151 3345 satis
3188 3242 3536 3345 constare
3559 3327 3586 3364 ,
3646 3268 3872 3378 quod
3917 3292 4012 3349 ex

1128 3367 1534 3457 radicibus
1576 3370 1729 3452 suis
1772 3364 2275 3477 exsurgentes
2297 3431 2324 3467 ‚
2379 3390 2476 3454 ex
2521 3366 2973 3479 plantarum
3020 3394 3250 3458 more
3277 3429 3304 3472 ‚
3359 3368 3652 3460 vivant
3672 3426 3699 3471 ‚
3757 3384 4013 3463 nutri-

1134 3505 1373 3570 antur
1396 3551 1421 3587 ,
1482 3478 1987 3593 longitudine
2006 3470 2452 3591 augeantur
2471 3530 2498 3575 ,
2522 3476 3057 3603 temporisque
3077 3480 3482 3597 progressu
3504 3493 3806 3599 pariter
3821 3514 4022 3597 con-3

1128 3592 1611 3685 senescentes
1631 3647 1656 3687 ,
1711 3589 2037 3674 tandem
2056 3597 2539 3676 emoriantur
2571 3654 2600 3691 ,
2667 3585 3112 3706 sponteque
3133 3589 3531 3679 decidant.

1252 3740 1324 3816 3.
1386 3710 1563 3789 Hos
1600 3712 1807 3787 inter
1844 3714 1926 3787 &
1966 3700 2138 3787 illas
2184 3724 2457 3789 tamen
2507 3699 2716 3787 haud
2761 3698 3481 3815 fimplexintereffe
3509 3712 3840 3799 videtur
3865 3707 4013 3817 dit?

1134 3830 1464 3906 crimen.
1521 3818 1745 3907 Nam
1798 3816 1895 3924 (ι
1936 3812 1985 3925 )
2040 3813 2190 3921 pili
2234 3814 2494 3925 sponte
2521 3837 2890 3901 natorum
2917 3842 3244 3903 numero
3291 3823 3759 3910 accensendi
3785 3823 4018 3937 sunt3

1132 3932 1425 4047 plantis
1452 3947 1717 4013 autem
1742 3948 1960 4011 ortus
1984 3924 2095 4007 est
2115 3954 2217 4009 ex
2240 3928 2518 4025 semine
2538 3927 2781 4011 vitati
2812 3931 2900 4010 in
2930 3946 3170 4012 terrae
3195 3938 3573 4044 gremium
3616 3939 4016 4051 conjeao.

1132 4064 1205 4147 s·
1228 4054 1345 4149 2)
1404 4044 1556 4127 Hae
1578 4041 1815 4125 humo
1836 4057 2093 4127 enatae
2122 4100 2149 4141 ‚
2202 4040 2576 4129 alimento
2620 4040 2937 4125 aluntur
2975 4036 3026 4125 a
3064 4037 3146 4121 se
3171 4037 3342 4151 ipfis
3365 4063 3676 4131 tantum
3723 4076 3864 4162 per
3895 4072 4024 4153 rag

1134 4161 1347 4246 dices
1374 4154 1709 4241 attracto
1729 4180 1753 4229 ε
1820 4151 1935 4241 ini
1980 4169 2245 4237 autem
2280 4158 2444 4234 cuti
2488 4152 2954 4237 animalium
3006 4156 3263 4234 innati
3287 4210 3314 4253 ,
3367 4152 3616 4248 succo
3720 4155 4022 4263 uodam

1131 4272 1559 4387 peculiari,
1620 4261 1912 4376 partim
1976 4262 2083 4345 ab
2110 4258 2283 4373 ipfis
2305 4262 2639 4367 αῑῑεᾶο,
2693 4268 2980 4371 partim
3007 4258 3053 4347 ὲ
3079 4272 3438 4378 corporis
3457 4278 3594 4355 cui
3623 4275 3704 4357 in
3731 4326 3740 4333 -
3769 4292 4024 4359 aerent

1136 4382 1489 4495 partibus
1514 4396 1840 4461 excreto
1862 4430 1892 4476 ,
1944 4383 2021 4465 δι
2042 4377 2306 4462 versus
2323 4376 2622 4461 radices
2651 4370 2814 4462 suas
2837 4373 3205 4487 protruso
3227 4379 3703 4469 nutriuntur.
3817 4392 3863 4489 (
3894 4396 4018 4492 3)

1134 4499 1429 4585 Plantae
1448 4492 1607 4601 jam
1648 4484 1746 4569 ad
1792 4484 2089 4571 statum
2134 4491 2619 4573 maturitatis
2731 4484 3132 4587 κακίω,
3188 4517 3360 4576 non
3394 4492 3654 4581 solum
3691 4490 3897 4581 folia
3936 4506 4021 4581 δε

1132 4608 1371 4695 flores
1404 4666 1430 4703 ,
1492 4600 1629 4689 sed
1662 4596 2133 4713 fructusque
2176 4624 2267 4685 ac
2309 4598 2606 4685 semina
2691 4618 2930 4687 erunt
2960 4628 2985 4676 ε
3048 4603 3190 4712 pili
3211 4628 3359 4687 nec
3413 4600 3606 4695 folia
3630 4613 4018 4693 emittunt

1136 4742 1496 4833 unquam
1520 4775 1545 4812 ,
1607 4722 1683 4799 &
1725 4741 1865 4827 per
1969 4731 2117 4794 tua
2152 4711 2576 4797 sterilitate
2609 4706 3142 4821 damnantur-3
3210 4735 3307 4799 ut
3325 4741 3585 4829 neque
3621 4718 3796 4822 seri·
3815 4745 4013 4833 que.

1133 4855 1325 4934 ant,
1383 4856 1639 4941 neque
1674 4739 2247 4938 traanelantari.
2357 4822 2555 4935 (4)
2616 4825 2918 4908 Plantis
2955 4824 3416 4911 concessum
3439 4834 3601 4933 est,
3653 4855 3796 4945 per
3870 4838 4016 4912 im-

1130 4938 1488 5029 mensam
1524 4936 1883 5021 colorum
1918 4940 2376 5020 varietatem
2397 4936 2825 5047 expatiari:
2878 4938 3064 5023 dum
3103 4963 3197 5021 ea
3233 4938 3676 5043 multifarie
3729 4940 4014 5055 pulcri-

1136 5053 1433 5142 tudinis
1455 5052 1972 5167 praerogativa
2012 5043 2450 5161 denegatur
2483 5049 2684 5161 pilis.
3969 5103 3990 5114 -

1195 5204 1274 5278 4.
1390 5178 1468 5251 ui
1523 5158 2044 5249 nihilominus
2062 5156 2472 5247 admodum
2517 5161 2707 5246 sunt
2729 5158 2990 5248 affines
3029 5158 3442 5274 Epiphitk.
3552 5167 3775 5251 Sicut
3815 5169 4018 5249 enim

1128 5286 1407 5371 haec-fi
1461 5278 1993 5363 ialimentum
2040 5268 2417 5358 hauriunt
2463 5268 2508 5356 ὲ
2554 5271 2805 5357 succis
2856 5276 3296 5388 plantarum
3324 5346 3351 5381 ,
3427 5275 3710 5386 quibus
3757 5273 4023 5391 super-

1133 5395 1654 5485 excreicunt3
1710 5388 1820 5470 ita
1840 5390 2236 5498 pariter&
2274 5382 2391 5467 illi
2439 5382 2486 5461 ὲ
2514 5382 2758 5469 succis
2788 5386 3134 5472 animalis
3169 5444 3198 5483 ‚
3257 5386 3386 5472 cui
3448 5388 4014 5487 innascuntur,

1138 5512 1597 5597 alimoniam
1648 5499 2107 5627 excipiunt:
2156 5518 2323 5583 nec
2364 5494 2584 5581 aliud
2625 5496 2820 5615 quid
2865 5503 3248 5605 utrinque
3269 5492 3683 5585 observare
3723 5500 3840 5583 est
3863 5490 4016 5581 dis-

3652 5634 4014 5711 crumnis,
