4559 6859
1214 662 1373 775 45-
1702 698 1709 703 ·
2224 625 3329 749 F·oSsI,LlA.'

1316 918 1525 1001 Prius
1548 918 1679 1004 vel
1711 916 2209 1004 effoditur-‚ex
2228 940 2446 1004 terra
2476 975 2506 1018 ,
2567 925 2832 1003 &tum
2858 921 3094 1000 variis
3121 917 3392 1029 figuris
3411 912 3843 1028 praeditum
3869 938 4110 1033 appa-

1204 1053 1330 1116 ret
1355 1096 1379 1130 ,
1426 1030 1869 1117 Ramosum
1950 1059 2242 1147 nempe
2266 1098 2296 1141 ,
2367 1038 2802 1117 Furcatum
2830 1087 2857 1129 ,
2917 1030 3482 1117 Acuminatum
3505 1089 3530 1129 ‚
3593 1027 4068 1139 crispatam
4092 1102 4118 1133 ,

1202 1144 1605 1253 Asperum
1633 1211 1657 1245 ,
1741 1145 2237 1234 Bra&eatum
2269 1204 2295 1243 ‚
2351 1140 2764 1253 Capillare
2795 1188 2844 1235 ,-
2881 1138 3038 1237 ὡς.
3117 1151 3504 1257 Qorum
3563 1148 3937 1255 exempla
3971 1148 4120 1229 ali-

1204 1278 1413 1365 quot
1448 1262 1529 1335 in
1564 1254 2187 1369 locupletiffimo
2264 1260 2428 1347 Soc
2451 1292 2484 1339 1
2504 1286 2544 1337 ι
2563 1286 2608 1340 τ
2627 1286 2730 1338 ιη·
2753 1282 2785 1334 1
2807 1284 2844 1337 ι
2913 1256 3000 1337 R
3016 1286 3056 1335 n
3079 1284 3129 1335 o
3145 1279 3272 1339 ΠΕ
3331 1261 3652 1341 Rerum
3699 1252 4121 1343 Naturali.

1203 1392 1345 1448 um
1372 1364 1786 1449 Thesauro
1837 1390 2151 1459 extant.
2212 1370 2373 1462 Vel
2409 1374 2502 1449 in
2541 1361 3004 1453 fluminibus
3056 1366 3454 1475 reperitur
3493 1390 3646 1476 per
3677 1386 3995 1473 montes
4038 1380 4122 1457 &

1206 1479 1519 1563 fodinas
1549 1477 2205 1577 decurrentibu5‚
2258 1509 2362 1564 ex
2398 1480 2680 1589 quibus
2736 1472 3034 1585 aliquid
3060 1475 3500 1579 abradunt,
3621 1476 3782 1561 uod
3826 1474 4122 1570 deinde

1200 1592 1389 1674 colli
1398 1594 1617 1700 gitur
1644 1627 1670 1689 ;
1728 1588 1860 1672 se'd
1888 1590 2035 1679 hoc
2058 1621 2233 1678 raro
2274 1597 2353 1677 &
2385 1596 2652 1704 paucis
2679 1585 3120 1673 admodum
3142 1598 3229 1673 In
3259 1590 3478 1673 locis.
3625 1588 3704 1671 el
3728 1586 3930 1673 rude
3949 1592 4066 1675 est
4085 1664 4118 1699 ,

1202 1700 1550 1787 Metallis
1582 1706 1662 1781 &
1694 1704 1867 1785 aliis
1888 1706 2115 1788 rebus
2161 1699 2625 1819 permistum
2651 1739 2679 1796 ι
2729 1708 2805 1785 8(
2829 1718 3008 1785 tum
3045 1701 3290 1790 buvet
3331 1688 3488 1797 Φιο
3511 1698 3847 1785 dicitur.
3937 1702 4122 1791 Hoe'

1198 1812 1689 1920 differentia}
1708 1814 2091 1923 quasdam
2118 1824 2426 1903 ratione
2459 1818 2862 1904 Colorum
2887 1814 3255 1911 admittit
3279 1856 3311 1919 ς
3366 1812 3468 1894 de
3485 1811 3781 1924 quibus
3823 1818 4118 1900 coniu-

1196 1922 1412 2007 latur
1440 1924 1814 2035 Agricola.
1866 1932 2130 2043 Hujus
2157 1932 2476 2040 generis
2529 1935 2971 2038 Argentum
3001 1951 3148 2011 nos
3168 1934 3257 2013 in
3273 1926 3664 2014 Britannia
3683 1915 4063 2015 habemus
4085 1978 4115 2025 ,

1196 2060 1303 2115 ex
1326 2040 1649 2119 mineris
1701 2036 2458 2128 embrobritannicis·
2501 2032 3076 2157 depromtum3
3120 2062 3226 2121 ex
3249 2042 3558 2123 minera
3582 2041 3899 2124 stannea
3941 2068 4114 2126 ma·-

1188 2146 1352 2260 jori
1375 2154 1829 2260 quantitate
1861 2213 1886 2250 ‚
1946 2180 2047 2235 ex
2070 2150 2449 2266 plumbea
2491 2156 2822 2249 minori.

1386 2719 1949 2824 Metallorum
2022 2720 2208 2821 [Μ
2234 2722 2306 2824 P
2330 2718 2527 2823 ER
2563 2708 2648 2819 F
2685 2714 2768 2819 E
2800 2718 2876 2821 C
2887 2710 3060 2824 TO
3101 2730 3188 2831 R
3223 2722 3316 2817 ‘U
3351 2718 3470 2817 M
3527 2676 3894 2833 Glaffisss

1485 2982 1743 3065 Etalla
1801 2968 2412 3069 Inmane-ra
2456 2978 2898 3092 habentur,
2952 3006 3300 3095 quorum
3347 2984 3738 3098 principia
3776 2990 4104 3069 nonita
4179 3072 4184 3075 .

1184 2976 1473 3214 M
1533 3112 1882 3197 matura,
1945 3094 2151 3175 bene
2196 3091 2584 3192 excolam,
2639 3093 2810 3178 fixa·
2837 3114 2976 3175 aut
3017 3120 3210 3208 pura
3236 3090 3469 3193 sunt;
3525 3096 3742 3181 unde
3782 3098 4110 3212 inignis

1082 3288 1087 3293 .
1185 3214 1559 3287 examine
1574 3209 1921 3291 multum
1942 3210 2039 3286 iis
2076 3198 2440 3317 decedit,
2503 3208 2846 3291 multum
2871 3212 2959 3288 in
2983 3205 3346 3303 Scorias',
3403 3212 3665 3305 Vitta,
3722 3209 4110 3324 LapideS,

1182 3314 1493 3429 aliaque
1513 3322 1826 3431 impura
1848 3344 1993 3403 cor
2052 3344 2197 3399 ora
2216 3318 2588 3402 vertitur.
2701 3322 2912 3403 Haec
2961 3318 3096 3400 vel
3117 3320 3350 3401 Dura
3393 3312 3616 3418 sunt,
3673 3346 3858 3434 quae
3892 3330 4114 3435 prius

1183 3432 1612 3538 igniuntur
1634 3495 1660 3531 ‚
1688 3431 1931 3540 quam
1954 3344 2448 3513 AEnduntur:
2512 3430 2642 3515 vel
2666 3430 2950 3547 M‘ffia’.
2998 3456 3184 3544 quae
3234 3427 3280 3521 ,ὃ
3316 3430 3737 3518 contrario
3763 3428 4114 3522 fundun-

1184 3556 1315 3622 tur
1347 3602 1378 3650 ,
1430 3540 1867 3657 antequam'
1891 3547 2327 3657 igniuntur.
2363 3566 2400 3593 ··
2793 3568 2800 3574 ·
2945 3596 2954 3605 -
3461 3580 3466 3585 ·

1824 3771 2120 3849 Prioris
2146 3767 2468 3853 Generis
2493 3758 2673 3846 lunt
2775 3822 2785 3831 -

1295 3982 1435 4070 AEs
1465 4042 1491 4085 ‚
1534 3987 1595 4099 ·(
1618 3990 1831 4073 unde
1860 3988 1964 4076 fic
1990 3994 2352 4083 dicatur,
2403 3983 2664 4069 minus
2703 3982 3036 4071 evidens
3085 3984 3225 4070 est.
3283 3986 3510 4078 Nam
3559 3982 3694 4069 alii
3717 3966 4102 4078 derivant

1008 4056 1014 4061 .
1184 4094 1283 4182 ab
1302 4096 1661 4187 Hebraeo
1685 4102 1901 4207 Esch
1920 4152 1947 4197 ,
2001 4099 2227 4216 quod
2249 4103 2494 4213 iguem
2523 4094 2755 4180 sonat
2777 4157 2806 4199 ‚
2859 4102 2972 4183 ob
2980 4094 3471 4212 splendorem:
3504 4098 3718 4183 unde
3734 4106 4102 4192 micantia
4129 4104 4148 4125 ⁶

1178 4240 1324 4294 «ενα
1347 4265 1377 4311 ,
1439 4214 1520 4318 &
1563 4242 1695 4305 ae3re
1721 4220 2122 4303 .renidente
2145 4279 2171 4318 ‚
2228 4213 2448 4298 dixit
2487 4220 2740 4295 Maro.
2801 4208 2976 4297 Alii
3001 4212 3050 4291 a
3087 4213 3388 4295 Graeco
3428 4209 3632 4327 ὥρης,
3677 4213 3901 4324 quod
3921 4214 4102 4321 fer-

1178 4352 1347 4410 rum
1371 4351 1660 4419 notare
1682 4336 1997 4420 videtur
2019 4366 2047 4434 ς
2106 4330 2326 4419 unde
2343 4332 2708 4439 antiquus
2723 4334 2978 4417 reaue
3009 4329 3202 4415 aim
3223 4337 3304 4417 8(
3327 4334 3552 4423 κατὰ
3570 4324 3940 4443 mbram-ier
3964 4366 4097 4444 es,

1178 4444 1334 4531 uta
1366 4450 1632 4559 plebes
1660 4456 1931 4565 plebs:
1978 4454 2205 4566 quod
2234 4450 2706 4537 vocabulum
2753 4476 2908 4561 pro
2937 4474 3090 4537 aere
3133 4444 3576 4536 sumebatur
3597 4508 3630 4555 ‚
3677 4476 3866 4534 cum
3903 4480 4098 4539 aereae

1174 4586 1396 4643 arma
1418 4554 1677 4654 solum
1700 4565 2259 4679 obtinerent.)
2315 4560 2618 4649 Graece
2645 4564 2966 4685 χαλκδν
2999 4592 3030 4663 3
3084 4562 3568 4647 Latinorum
3609 4560 4095 4675 quibusdam

1174 4682 1489 4791 Cuprum
1542 4684 1667 4782 (a
1713 4687 2245 4773 nobilioribus
2290 4688 2451 4795 ejus
2497 4690 2714 4766 venis
2753 4687 2844 4766 in
2887 4688 2942 4764 c
2965 4698 3100 4792 pro
3155 4682 3354 4764 olim
3399 4687 3862 4775 inventis..)
3915 4685 4096 4774 An-

1173 4792 1385 4903 glice
1426 4794 1687 4897 (tonet.
1748 4800 2012 4914 Qod
2036 4795 2462 4881 Metallum
2487 4794 2605 4878 est
2627 4798 2890 4904 imper
2929 4796 3190 4879 etstum
3218 4846 3249 4887 ‚
3295 4789 3636 4897 durum,
3692 4822 3794 4878 ex
3839 4794 4088 4904 pluri-

1154 4926 1315 4989 ·mo
1334 4913 1730 5023 Sulphure
1755 4920 2010 4996 rubeo
2032 4971 2057 5011 ,
2110 4909 2436 5022 impuro
2461 4912 2538 4990 81
2564 4927 2814 5015 pauco
2836 4909 3240 4995 Mercurio
3267 4970 3295 5009 ,
3347 4903 3714 4993 nondum
3749 4914 4090 5001 maturis

1178 5024 1263 5100 &
1294 5023 1470 5112 fixis
1492 5028 1869 5138 genitum
1904 5082 1933 5125 ,
1986 5022 2267 5106 colore
2293 5013 2766 5104 rubicundo.
2875 5020 3260 5131 Magnam
3277 5041 3466 5103 cum
3491 5022 3862 5132 Argento
3908 5016 4083 5109 affir-

1170 5139 1508 5222 nitatem
1538 5136 1779 5219 habet
1799 5194 1827 5240 ,
1885 5141 2020 5218 cui
2043 5158 2131 5217 ut
2149 5134 2586 5247 plurimum
2611 5134 2696 5214 in
2723 5135 3050 5237 mineris
3072 5130 3594 5241 conjungitur
3610 5164 3646 5221 ,-
3669 5137 3784 5215 ita
3803 5152 4096 5221 tamen

990 5252 997 5262 “
1169 5265 1266 5327 ut
1316 5246 1542 5333 facile
1578 5249 1798 5331 abeo
1817 5250 2263 5363 perignem
2302 5243 2636 5357 ssparari
2667 5238 2940 5357 poffit.-
2987 5241 3256 5355 Hujus
3301 5249 3452 5361 tria
3475 5239 3770 5329 dantur
3808 5244 4086 5329 Gene-

1166 5378 1259 5441 ra
1277 5403 1305 5452 2
1358 5368 1530 5481 νέξ

3578 5652 3622 5736 ,ι
3641 5688 3656 5711 .
3675 5624 4078 5719 nativum,
