4559 6859
1188 557 1377 660 108
1661 574 1668 581 ’
2151 522 2156 525 ¹
2384 542 2887 659 AVES.

1399 862 2014 999 Aquaticarum
2075 856 2158 959 F
2194 855 2348 972 IS
2372 854 2525 971 SI
2540 854 2755 1119 ΙΡΗξ
2796 862 2879 957 D
2905 860 2998 957 7)
3024 854 3148 957 M
3196 843 3822 985 Piscivorarum

1967 1090 1974 1095 -
2455 1024 2534 1119 C
2572 1054 2621 1119 a
2688 1052 2801 1120 ιε.

1397 1282 2106 1381 FISSIPEDIBUS
2159 1285 2592 1371 carnivora}
2644 1301 3158 1370 numerantur

1301 1516 1360 1593 1.
1419 1504 1941 1596 CICONIA
1995 1500 2253 1610 (forte
2342 1502 2495 1589 uafi
2541 1504 2887 1613 Ciconia,
2937 1502 3195 1601 aisono
3221 1530 3465 1615 quem
3490 1507 3893 1619 quatiente
3934 1528 4057 1589 ro-
4134 1582 4139 1587 .

1175 1618 1339 1702 stro
1361 1616 1714 1715 faciunu
1767 1637 1863 1699 ut
1889 1613 2200 1721 fficiam,
2236 1615 2299 1695 li
2346 1678 2364 1700 .
2417 1644 2539 1701 12.
2586 1638 2739 1731 eqo.
2772 1624 2847 1702 6.
2904 1615 3212 1703 videtur
3238 1649 3269 1696 .-
3318 1617 3446 1701 vel
3489 1618 3536 1697 a
3570 1616 3824 1709 Cicur,
3869 1635 4055 1725 puta

1175 1733 1285 1814 ob
1329 1732 1742 1841 benignam
1794 1749 2148 1813 naturam
2185 1734 2207 1837 )
2261 1728 2826 1851 mnapngtljz
2848 1726 3187 1841 21:021&
3224 1734 3417 1813 Haec
3435 1733 3873 1843 aviS,quam
3890 1723 4056 1811 san-

1153 1850 1312 1953 ‚o'ta
1327 1850 1641 1965 pietatis
1663 1850 1958 1933 cultrix
1991 1854 2093 1935 fit
2111 1908 2136 1948 ‚
2179 1873 2369 1960 erga
2390 1872 2741 1961 parentes
2756 1850 2923 1933 suas
2942 1846 3353 1933 senecstute
3376 1852 3542 1964 jam
3566 1841 4055 1935 marceicen·

1173 1984 1323 2061 tes,
1362 1981 1650 2044 notum
1667 1962 1782 2045 est
1803 1986 1904 2039 ex
1941 1958 2101 2073 lege
2121 1966 2601 2064 Ciconiarum,
2637 1958 2845 2075 apud
2887 1958 3497 2075 gAristopbanem
3539 1956 3821 2075 saeprus
3856 1959 4059 2043 cele·

1171 2074 1404 2163 brata
1433 2108 1472 2163 ‚-
1513 2100 1696 2189 quae
1737 2066 1921 2153 inde
1977 2099 2273 2185 nomen
2310 2072 2586 2157 traxit:
2648 2100 2880 2185 quam
2948 2098 3045 2157 ue
3092 2069 3197 2153 fla
3258 2079 3449 2159 ranti
3504 2099 3774 2155 amore
3824 2070 4059 2157 foetus

1169 2185 1704 2303 prosequatur,
1744 2199 1961 2295 patet
1978 2211 2083 2266 ex
2120 2182 2496 2267 incendio
2515 2184 2896 2297 Delphen
2952 2243 2981 2289 ,
3004 2207 3170 2296 quo
3245 2184 3444 2268 dum
3470 2180 3849 2269 describit
3894 2184 4061 2271 Ha·

1168 2300 1433 2497 ‘aeft-gan.
1482 2297 1851 2485 Juniisgin
1873 2296 2702 2489 Bgzlilaettaefaenhtstgghgap.
2743 2327 2775 2380 1
2797 2327 2868 2401 7.
2930 2291 3656 2493 obaeratum-{111¹}
3682 2366 3711 2405 ,
3768 2304 4057 2430 inquit,

1163 2525 1224 2583 «ι
1250 2433 2259 2617 ηὲὲἱέἳίῗὲωεξῖοηὲιὲῖη
2269 2432 4061 2645 ἰὶιωὺῗῃῐοῖῧξιρωῖἓέζῗεῖᾎὶἰιῑὲἑῖοῗῗέζ

1159 2637 1224 2682 “
1249 2636 1605 2719 volucres
1637 2652 1909 2713 tamen
1933 2692 1962 2735 ,
2003 2632 2300 2744 eripete
2337 2622 2615 2713 mediis
2632 2657 2734 2715 ex
2770 2634 3126 2743 ignibu83
3177 2632 3501 2717 tandem
3520 2630 3940 2746 desperata
3970 2664 4057 2719 o-

1166 2752 1228 2807 ε(
1253 2748 1423 2828 mni
1439 2768 1594 2859 ope
1617 2746 1698 2829 δε
1727 2734 1938 2851 quafi
1959 2742 2473 2851 conclamata,
2516 2740 2733 2856 paffis
2754 2745 2889 2825 alis
2905 2742 2992 2826 in
3011 2742 3288 2829 nidum
3310 2742 3390 2827 se
3474 2746 3907 2857 raecipitem
3926 2746 4060 2833 de·

1169 2858 1229 2904 “
1251 2854 1470 2959 diffe,
1494 2852 1900 2967 pullisque
1920 2871 2102 2938 toto
2124 2879 2271 2935 cor
2386 2881 2469 2935 re
2484 2852 2823 2939 obtectis
2840 2858 3290 2940 incumbere
3319 2863 3399 2942 vi
3432 2853 3836 2959 amfuiss'e,
3892 2860 4057 2945 vel-

1163 2978 1228 3125 ξε
1246 2974 1363 3053 uti
1404 2960 1754 3098 depofita
1792 2973 1974 3048 vitae
2014 2960 2179 3079 spe,
2222 2878 2435 3049 nitore
2460 2990 2653 3051 cum
2694 2964 3147 3053 chariffimis
3189 2970 3666 3080 pignoribus
3702 2991 4053 3057 mortem

1245 3110 1300 3165 o
1467 3100 1824 3163 tituram.

1165 3179 1202 3191 ”
1272 3104 1663 3289 ΙῙΞΡΕΪΒῙΞ,
1722 3187 2088 3303 AEgypto
2130 3186 2568 3299 peculiaris·
2644 3190 3042 3275 Dicuntur
3062 3166 3339 3277 tamen
3381 3196 3462 3275 δι
3487 3194 3698 3273 circa
3732 3194 4054 3285 Licham

1164 3317 1248 3394 in
1284 3332 1639 3399 extrema
1667 3302 2013 3414 Aphricae
2035 3369 2062 3405 ,
2109 3300 2256 3382 ubi
2271 3299 2483 3386 lacus
2507 3297 2830 3409 quidam
2854 3300 3101 3391 dulcis
3120 3302 3258 3398 est,
3305 3298 3687 3415 conspici.
3778 3304 3885 3389 In
3910 3309 4057 3395 du-

1384 3410 3081 3610 AEgy
3120 3412 3844 3614 beu

1161 3557 1486 3757 {ligr-eet:
1502 3662 1694 3751 quas
1721 3632 2100 3719 Pelufium
2119 3573 2506 3715 duntaxat
2522 3632 2685 3715 alit.
2858 3558 2911 3609 ο
2955 3556 3000 3609 a
3074 3554 3116 3608 ²
3221 3557 3324 3613 an
3366 3556 3453 3611 ut
3580 3554 3747 3643 gyp
3784 3556 3843 3611 o
3884 3592 3915 3633 ²

1268 3762 1421 3846 ΙΙΙ.
1479 3745 2583 3852 PHOENICOPTERUS,
2638 3742 2882 3825 Gallis
2918 3741 2985 3824 le
3022 3748 3462 3835 Flammam
3514 3745 3614 3852 (ὲ
3661 3759 4054 3841 coccineo

1157 3872 1462 3955 alarum
1481 3864 1742 3947 colore
1791 3856 1947 3971 tm
1994 3852 2649 3971 βῌεηίωῃωυ.
2731 3858 2990 3964 Hujus
3022 3862 3340 3940 exuvias
3360 3862 3514 3941 rite
3552 3860 3911 3947 conditas
3929 3872 4053 3951 in·

1157 3978 1558 4088 sertasque
1601 3970 1794 4057 mihi
1827 3974 2050 4055 dono
2078 3968 2298 4055 dedit
2382 3964 3119 4075 raenobiliSJuveni5‚
3165 3969 3273 4049 D.
3320 3968 3569 4053 Ἱῐοηι.
3611 3977 3883 4081 cren,
3941 3982 4049 4059 Ε.
4172 3992 4177 3997 ·

1159 4120 1358 4207 ques
1379 4110 1716 4196 auratus,
1735 4089 2041 4169 Baronis
2063 4080 2286 4166 (ἕνεκα)
2381 4080 2531 4161 lius
2548 4098 2735 4163 natu
2757 4088 3167 4175 maximus»,
3190 4104 3290 4162 ex
3318 4079 3748 4166 Academia
3770 4088 4051 4169 Mont-

1155 4200 1474 4316 pelienfi
1520 4206 1598 4283 in
1642 4199 1983 4313 patriam
2015 4195 2287 4285 redux.
2389 4194 2556 4275 Hic
2600 4190 2844 4275 nobis
2874 4186 3201 4276 candide
3243 4189 3640 4280 notandus
3682 4200 4046 4282 occurrit

1151 4340 1361 4403 error
1387 4312 1711 4427 quidam
1736 4308 2096 4419 Scaliger-i
2136 4306 2529 4420 egregius,
2618 4308 2696 4387 Is
2727 4309 3103 4389 nimirum
3155 4299 3619 4407 (inExercit.
3664 4305 3752 4389 in
3788 4309 4041 4421 Arist.

1155 4426 1404 4537 histor.
1447 4424 1845 4525 Animal.)
1898 4420 2321 4531 peculiares
2357 4416 2895 4524 Phoenicopteri
2938 4437 3167 4500 notas
3193 4476 3219 4514 ,
3271 4420 3565 4533 quibus
3596 4412 3971 4505 facillime
3995 4424 4043 4506 ὲ

1155 4542 1454 4629 caeteris
1497 4563 1596 4617 ex
1622 4530 2056 4617 Ardeatum
2090 4554 2383 4640 genere
2424 4528 2882 4610 volucribus
2908 4527 3433 4643 distinguatur
3454 4580 3481 4623 ,
3529 4527 3713 4617 satis
3738 4534 4047 4643 prolixe

1015 4680 1018 4685 -
1150 4647 1649 4751 describen33
1696 4670 1906 4728 crura
1921 4645 1996 4721 ei
2026 4639 2463 4741 brevtffima,
2492 4636 2913 4749 curtosque
2935 4638 3167 4749 pedes
3185 4642 3573 4742 attribuit,
3616 4636 3733 4727 his
3758 4648 4034 4731 verbis,

1153 4771 1214 4825 ε*
1237 4772 1476 4848 crura
1495 4755 1882 4870 pedesque
1907 4751 2052 4832 alis
2067 4748 2311 4833 habet
2332 4748 2832 4851 concolores,
2863 4749 2995 4836 sed
3009 4751 3215 4836 adeo
3232 4750 3531 4849 breve&
3566 4774 3688 4861 ut,
3727 4775 3917 4841 cum
3944 4764 4037 4839 in

1157 4876 1216 4919 “
1237 4873 1566 4955 homine
1606 4864 1954 4949 Galenus
1994 4867 2413 4972 agnoverit
2429 4861 2573 4942 lon
2631 4858 2919 4945 iffimos
2944 4928 2974 4973 ,
3016 4862 3203 4944 huic
3237 4878 3607 4950 omnium
3629 4892 3813 4981 quae
3838 4888 4036 4951 nota

1153 4992 1214 5039 ‘⁶
1238 4984 1421 5065 sunt
1475 4979 1713 5064 nobis
1735 5026 1760 5069 ‚
1812 4976 2300 5061 Animalium
2330 4974 2561 5056 brevi
2732 5000 2819 5057 os
2844 4974 3260 5061 attribuere
3300 4984 3679 5093 potuerit.
3773 4980 4035 5093 Atqui

1154 5102 1416 5181 Avem
1451 5094 1656 5178 hanc
1689 5094 1766 5169 δι
1803 5088 2150 5171 cruribus
2199 5096 2280 5169 &
2306 5086 2493 5166 suris
2534 5078 2833 5194 gradiri
2860 5086 3335 5199 longtffimis,
3378 5096 3761 5176 omnium·
3786 5113 4035 5204 quot-

1149 5226 1352 5321 quot
1401 5205 1534 5288 seu
1558 5208 1822 5282 vivam
1863 5196 1995 5283 seu
2021 5218 2424 5283 mortuam
2451 5194 3169 5311 contemplatisunt
3193 5258 3217 5297 ‚
3262 5205 3487 5286 oculi
3527 5198 4034 5289 confirmant.

1151 5322 1262 5405 Et
1339 5322 1461 5399 ‘uis
1479 5338 1784 5428 precor,
1805 5310 2049 5393 ullam
2069 5312 2305 5393 aliam
2330 5336 2428 5389 ex
2450 5310 2955 5418 aquaticarum
2968 5310 3369 5423 ‘fifflpedum
3394 5310 3487 5402 ῥ’
3499 5310 4035 5425 piscivmrum

1146 5344 1376 5513 claffe
1429 5428 1835 5511 volucrem
1865 5448 2213 5534 unquam
2257 5414 2675 5527 conspexit
2716 5421 3077 5505 brevibus
3123 5422 3449 5537 pedibus
3484 5422 3961 5508 instructam
3990 5442 4035 5513 ⁴.’

1148 5544 1388 5627 Certe
1407 5567 1502 5630 ne
1511 5564 1677 5629 mo,
1749 5532 2046 5646 Neque
2075 5530 2689 5621 consentaneum
2711 5531 2828 5619 est
2854 5602 2883 5641 ,
2928 5554 3027 5618 ut
3050 5562 3239 5650 quas
3254 5532 3587 5622 Naturae
3608 5535 4033 5624 confilium
4210 5642 4215 5652 Ι

3922 5649 4024 5732 ad
