4559 6859
1030 649 1289 748 ·88
2080 632 3356 751 MANTIS‘SA'.

1149 822 1389 933 vulgo
1419 881 1443 919 ‚
1494 819 1965 934 indigitavi:
2062 817 2239 904 sunt
2289 839 2573 904 tamen
2617 835 2900 904 revera·
2925 817 3319 905 duntaxat
3351 814 3687 925 folliculi
3720 816 4048 931 ventosi,

1150 938 1419 1047 quales
1435 939 1517 1021 in
1541 934 1816 1020 multis
1839 929 2186 1046 piscibus
2207 930 2718 1016 fluviatilibus
2739 936 3223 1044 reperiuntur
3243 972 3271 1028 ς
3335 936 3415 1011 ὅ(
3441 930 3484 1015 εὶ
3511 927 3796 1043 quibus
3845 940 4050 1045 pari·-

1150 1064 1275 1128 ter
1290 1044 1552 1134 ductus
1574 1042 1736 1134 five
1758 1044 2035 1133 canalis
2057 1106 2085 1147 ‚
2138 1069 2394 1129 aerem
2417 1046 2900 1128 transferens
2927 1108 2955 1152 ‚
2984 1040 3084 1126 ad
3109 1035 4048 1163 fau-ces‘pertenditDum

980 1156 995 1165 ‘
1151 1162 1369 1241 enim
1404 1183 1589 1243 rana
1615 1186 1751 1245 ore
1812 1152 2080 1243 clauso
2104 1151 2470 1269 spiritum
2493 1144 2713 1242 dnc'it
2757 1178 2900 1265 per
2927 1144 3148 1243 nares
3168 1217 3199 1264 ,
3245 1150 3446 1269 quas
3467 1146 3520 1239 ἃ
3540 1142 3868 1267 'lingulis
3920 1163 4050 1237 in·

1152 1266 1714 1381 spirationibus
1739 1264 2218 1376 constringit
2242 1319 2269 1361 ,
2324 1277 2655 1381 parique
2677 1262 3053 1379 rhythmo
3077 1264 3335 1352 fauces
3353 1270 3433 1353 &
3461 1266 3708 1351 latera
3730 1286 4048 1355 contra-

1090 1422 1095 1429 ·
1152 1378 1331 1467 hits
1366 1381 1705 1487 folliculi
1734 1380 1811 1465 bi
1856 1386 2154 1468 interea
2176 1380 2530 1487 perstant
2546 1379 3036 1487 immobiles:
3094 1403 3595 1493 preterquam
3626 1378 3852 1490 quod
3880 1444 3906 1478 ‚
3953 1380 4054 1466 ad

1160 1497 1508 1581 faucium
1538 1512 1862 1576 motum
1887 1559 1915 1600 ‚
1969 1488 2258 1578 sursum
2273 1517 2368 1575 ac
2387 1490 2763 1581 deorsum
2800 1486 3364 1602 aliquantulum
3393 1496 3772 1587 cicantur.
3805 1556 3820 1569 .
4049 1490 4060 1499 '

1263 1605 1625 1689 folliculi·
1650 1604 1773 1689 isti
1798 1668 1830 1714 ,
1882 1622 2165 1717 aperto
2188 1607 2636 1717 peritonaeo
2661 1636 2714 1715 ,·
2747 1599 3014 1687 subito
3053 1622 3564 1717 prorumpunt
3605 1603 3866 1705 foras;
3921 1606 4050 1691 di-

1156 1717 1647 1831 aphragmatia
1686 1724 1908 1802 enim
1960 1714 2253 1801 nullum
2303 1714 2724 1832 vestigium
2745 1711 2975 1803 adest.
3087 1717 3476 1803 Constant
3513 1716 3795 1800 tunica
3833 1722 4050 1801 tenui

1154 1846 1253 1904 ac
1297 1828 1682 1935 pellucida
1704 1863 1737 1917 r
1786 1828 2071 1938 dactyli
2114 1830 2269 1913 fere
2317 1825 2936 1941 magnitudinem
2970 1851 3286 1939 aequant
3307 1860 3332 1907 ε
3397 1831 3480 1905 &
3522 1823 3658 1912 ubi
3707 1832 4050 1916 maxime
4180 1892 4190 1899 -

1020 1954 1029 1965 ·
1160 1938 1625 2025 inflatisuut
1651 2000 1675 2040 ‚
1733 1938 1828 2025 ad
1850 1945 2093 2022 imum
2137 1937 2526 2025 abdomen
2567 1936 3163 2052 protenduntur.
3273 1950 3462 2028 Sunt
3523 1936 4048 2049 utplurimum

1155 2049 1847 2158 pyramidiformes
1893 2083 1915 2136 ε
1970 2053 2315 2158 contigit
2355 2068 2612 2138 tamen
2659 2047 2925 2139 videre
2987 2074 3255 2137 ranam
3341 2046 3778 2153 faeminam,
3837 2056 4062 2162 cujus

1150 2159 1494 2248 folliculi
1544 2160 1747 2251 haud
1768 2166 2152 2248 continuo
2174 2164 2418 2249 tractu
2444 2163 2486 2248 εὶ
2509 2162 2664 2247 lata
2681 2159 2836 2248 bafi
2877 2172 2959 2253 in
2995 2185 3299 2250 acutum
3351 2158 3798 2249 desinebant
3815 2205 3845 2260 ς
3909 2161 4048 2247 sed

1152 2270 1525 2360 tuberoso
1550 2273 1800 2363 fundo
1823 2292 2284 2387 exurgentes
2310 2338 2338 2374 ,
2396 2279 2611 2359 circa
2629 2274 2964 2364 medium
2979 2272 3129 2372 sui,
3179 2276 3648 2386 paulatimin
3689 2273 4052 2385 gracilem

1156 2402 1461 2471 conum
1514 2384 2061 2471 tenuabantur.
2123 2386 2231 2471 Er
2278 2384 2568 2499 (quod
2609 2388 2971 2501 mirere)
3023 2408 3354 2500 uterque
3396 2388 3848 2497 complures
3873 2402 4056 2473 Ver-

1154 2492 1459 2587 miculos
1532 2496 1695 2585 five
1741 2500 2009 2613 galbas
2086 2492 2117 2599 (
2153 2504 2474 2585 circiter
2517 2500 2882 2613 viginti)
2935 2505 3024 2582 in
3081 2494 3246 2584 finu
3291 2496 3986 2608 complectebantur
4009 2538 4042 2595 ι

1154 2628 1482 2713 quarum
1528 2616 1785 2725 capita
1824 2607 2359 2710 albescebant,
2413 2615 2720 2721 reliquo
2769 2634 3130 2724 corpore·
3153 2610 3614 2721 nigricante.

1285 2719 1714 2840 Oefhphagzqs
1758 2720 1877 2805 sat
1912 2724 2165 2833 amplo
2208 2718 2418 2810 hiatu
2442 2716 2876 2820 descendit3
2908 2743 3274 2834 ‘moxque
3292 2718 3606 2834 paulum
3651 2722 4049 2825 dilatatus,

1038 2926 1046 2933 ,
1150 2837 1655 2925 Ventriculum'·
1674 2832 2127 2931 constitnit;
2181 2832 2518 2946 indeque
2536 2834 3022 2920 dextrorsum
3048 2833 3246 2918 latus
3272 2892 3298 2934 ,
3376 2835 3568 2918 ilion
3623 2838 3988 2919 efformat
4013 2870 4052 2923 ‚-

1222 2946 1377 3038 uod
1407 2952 1636 3034 variis
1664 2952 1875 3057 gyris
1906 2946 2292 3033 intortum
2325 3015 2351 3050 ‚
2409 2952 2630 3035 tenui
2659 2968 2902 3035 meatu
2949 2953 3154 3031 colon
3213 2943 3656 3051 (sacculum
3679 2945 4052 3057 referens)

1190 3062 1419 3169 ubit3
1470 3058 1771 3145 tandem
1828 3064 2029 3143 uein
2054 3056 2671 3153 reblamdefinit.
3918 3069 3925 3074 “

1268 3174 1433 3259 Cor
1460 3172 1771 3285 pyrami
1831 3170 1945 3252 ale
1966 3164 2017 3255 a·
2035 3166 2355 3254 finistro
2376 3174 2623 3255 latere
2646 3170 2910 3255 visum
2930 3174 3044 3257 est
3067 3172 3180 3256 im
3243 3152 3383 3253 leri
3411 3196 3440 3279 ,·
3526 3178 3609 3252 &
3663 3167 4050 3258 dextrors-

1157 3280 1329 3371 1um
1356 3281 1678 3397 depleri.
1793 3286 1937 3373 Ini
1996 3280 2070 3364 sa
2094 3303 2368 3366 tamen
2393 3282 2683 3392 systole
2703 3312 2920 3373 mera
2949 3282 3146 3367 subfi
3210 3286 3430 3393 entia
3453 3291 3821 3394 apparuit
3851 3354 3880 3390 ,
3927 3289 4052 3367 ci-

1158 3416 1281 3481 tra
1312 3396 1562 3481 ullam
1609 3402 1799 3478 coni
1852 3308 2195 3479 adi-’bafia
2223 3395 2766 3482 acceffionem·
2875 3394 3110 3483 conus
3133 3393 3260 3483 hic
3293 3442 3320 3491 ,
3375 3394 3776 3482 mediante
3829 3404 4046 3512 peri-

1154 3507 1429 3595 cardio
1450 3570 1479 3614 ‚
1538 3512 1762 3591 tenui
1780 3506 2161 3617 ligamine
2189 3506 2458 3590 sterno
2481 3510 2948 3599 adneffitur.
3789 3546 3798 3555 ⁴

1268 3617 1647 3705 Praeciffo
1667 3622 1929 3701 cordis
1949 3637 2162 3703 cono
2188 3685 2215 3728 ,
2268 3616 2461 3705 illud
2483 3639 2758 3707 tamen
2786 3627 3187 3705 continuo
3206 3618 3558 3730 pulsabat
3589 3649 3618 3718 3
3647 3623 3841 3707 licet
3868 3622 4055 3730 post

1160 3726 1442 3815 decem
1479 3731 1609 3815 vel
1657 3726 2079 3816 duodecim
2104 3726 2432 3832 systolas
2451 3784 2479 3838 ⁵
2534 3738 2674 3813 vix
2710 3731 3038 3842 guttula
3085 3731 3482 3841 sanguinis
3529 3738 3981 3851 proflueret
4013 3765 4041 3813 ε

1100 3832 1115 3848 ’
1160 3868 1305 3926 nec
1328 3848 1585 3927 minus
1606 3835 1743 3925 diu
1785 3839 2143 3923 micabat
2176 3864 2584 3927 exemtum
2629 3842 2676 3923 ὲ
2722 3863 3129 3951 corpore,
3185 3868 3426 3957 qnam
3453 3851 3864 3958 integrum
3899 3870 4046 3929 cor

1157 3954 1526 4038 exedum
1556 3962 1639 4039 in
1666 3951 1839 4036 aliis
1858 3949 2089 4035 solet.
3295 4032 3298 4039 ,
3669 3982 3677 3987 ·

1271 4064 1617 4154 Folliculi
1642 4070 1809 4172 jam
1823 4061 2017 4148 diffi
2040 4065 2456 4179 excipiunt
2485 4065 2950 4183 sanguinem
2966 4065 3012 4153 ὲ
3035 4060 3279 4149 corde
3307 4094 3451 4185 per
3482 4072 3843 4153 arteriam
3863 4068 4043 4182 pul·

1096 4248 1103 4255 .
1156 4183 1565 4265 monalem
1595 4242 1627 4290 ,
1679 4202 1917 4291 quem
1944 4200 2089 4289 per
2108 4200 2400 4263 venam
2455 4181 2997 4293 pulmonalem
3023 4206 3215 4262 mox
3231 4176 3717 4265 transferunt
3737 4185 3822 4263 in
3845 4184 4046 4267 axil-

1002 4320 1005 4323 ’
1155 4290 1433 4379 larem.
1477 4314 1484 4321 ·

1268 4417 1512 4516 Hepar
1537 4394 1677 4487 infi
1742 4408 1863 4488 nis
1889 4404 2451 4512 magnitudinis
2475 4408 2564 4489 in
2587 4425 2740 4495 tres
2761 4405 3105 4521 aequales
3132 4402 3360 4489 lobos
3439 4400 3824 4491 dividitur
3845 4436 3874 4484 z
3954 4415 4048 4495 in

1154 4511 1434 4599 dextro
1456 4510 1601 4597 fita
1616 4542 1663 4596 e
1752 4514 2300 4627 veficulafeaea
2326 4581 2357 4628 ,
2409 4518 2752 4603 rotunda
2779 4584 2805 4620 ,
2863 4514 3336 4627 caeruleique
3367 4515 3692 4607 coloris,-

1272 4630 1486 4713 Inde
1507 4645 1731 4710 ortus
1754 4627 2015 4713 ἀνῆκα
2036 4628 2494 4717 cheledocbm
2513 4678 2541 4724 ,
2573 4632 2956 4743 pollicem
2975 4624 3510 4711 transversum
3529 4624 3848 4743 longus,
3873 4658 4041 4714 am-

1154 4736 1478 4853 plusque
1504 4797 1531 4837 ‚
1585 4744 1955 4848 proxime
1978 4737 2245 4823 subter
2266 4745 2797 4825 ventriculum
2823 4804 2852 4850 ,
2908 4735 3114 4823 ilion
3149 4735 3630 4851 ingreditur.
3933 4828 3938 4835 ,
3985 4830 3992 4841 ,

1266 4858 1466 4939 Lien
1482 4846 1868 4933 rotundus
1890 4891 1916 4953 5
1970 4850 2398 4964 floridique
2424 4855 2717 4937 coloris
2739 4916 2764 4953 ,
2821 4850 3102 4935 medio
3144 4850 3624 4937 mesenterio
3661 4848 4034 4949 ‘adnasci-

1155 4980 1276 5049 tur
1305 4998 1341 5050 ‚·
1392 4954 1947 5074 magnitudine
1966 4962 2134 5048 fere
2157 4956 2470 5049 seminis
2501 4964 2927 5049 coriandri.
4021 5058 4024 5065 ,

1262 5082 1501 5162 Renes
1522 5125 1549 5168 ‚
1599 5077 1933 5157 circiter
1987 5076 2327 5189 digitum
2376 5075 2889 5159 transversum
2927 5076 3202 5189 longi,
3227 5078 3458 5159 inter
3503 5070 3812 5187 spinam
3833 5060 4042 5163 dorii

1150 5206 1385 5299 atque
1405 5216 1496 5270 os
1528 5192 1900 5298 coccygis
1924 5182 2183 5271 sedem
2202 5187 2502 5271 habent
2535 5222 2561 5275 ε
2603 5195 2688 5293 βε
2711 5213 3051 5297 uterque
3068 5246 3094 5283 ‚
3145 5181 3550 5271 mediante
3577 5192 3759 5271 exssi
3783 5198 3985 5273 uret:
4003 5240 4050 5281 -„

1154 5320 1235 5385 re
1256 5365 1281 5399 ‚
1336 5304 1419 5379 in
1444 5294 1817 5404 veficulam
1853 5298 2437 5415 nigrescentem
2454 5294 2733 5385 definit
2749 5349 2780 5409 ς
2822 5308 3000 5411 qu'ae
3025 5298 3276 5383 ambas
3302 5302 3392 5383 in
3415 5300 3884 5389 intestinum
3914 5327 4036 5384 re-

1152 5410 1382 5495 &um
1404 5429 1912 5496 evacuantur.
3003 5448 3016 5457 ·

1260 5528 1360 5606 In
1380 5546 1595 5605 mare
1631 5580 1665 5631 ,
1714 5518 2055 5633 Testiculi
2084 5524 2400 5611 renibus
2427 5522 2965 5608 accumbunt:
2997 5520 3401 5635 iidemque
3421 5518 3828 5633 aliquanto
3859 5530 4034 5637 post

3717 5662 4038 5723 coitum
4069 5658 4085 5670 ·
