4559 6859
1827 559 1909 656 A
1983 562 2059 657 V
2106 562 2192 666 E
2262 571 2355 665 S.
3325 588 3365 654 1
3391 564 3513 683 ος

834 734 1162 843 pen-ioris
1191 786 1214 827 ‚
1257 722 1648 840 apophysi
1672 723 2016 837 quadam
2045 729 2373 807 incurva
2395 790 2419 825 ‚
2452 734 2708 836 inque
2729 748 3065 808 acumen
3111 714 3525 817 definente

830 844 1252 943 donatum,
1278 865 1369 921 ac
1393 840 1643 952 longa
1669 836 2268 923 denticulorum
2312 834 2524 948 quafi
2546 860 3025 929 corneorum
3051 837 3240 922 serie
3259 845 3522 923 utrin-

826 981 985 1064 que
1032 976 1462 1035 armatum.
1547 950 1800 1061 Caput
1835 955 1913 1030 δε
1943 942 2298 1062 superior
2329 974 2502 1062 pars
2539 944 2702 1033 colli
2746 947 3251 1061 nigredinem
3299 956 3514 1036 inter

827 1072 908 1149 δε
933 1062 1422 1147 viriditatem
1449 1065 1646 1146 mire
1671 1062 2232 1177 splendentem
2264 1061 2623 1173 ambigit.
2688 1065 2902 1147 Oculi
2942 1059 3228 1173 lapidis
3266 1072 3519 1174 Gaga-

827 1183 928 1256 tis
955 1172 1381 1285 politiffimi
1425 1180 1779 1256 nitorem
1825 1169 2336 1271 aemulantur'g
2392 1171 2601 1254 iride
2621 1197 2855 1257 aurea
2877 1173 3511 1259 circumabiente.

824 1287 1092 1372 Penus
1139 1283 1469 1371 obscure
1495 1282 1836 1369 ruffescit
1859 1344 1888 1390 ,
1931 1281 2065 1363 sed
2090 1282 2463 1365 albedine
2498 1280 2842 1394 quadam
2868 1281 3133 1367 {ubter
3147 1288 3463 1376 lucente
3488 1326 3517 1382 5

825 1397 1496 1512 quemadmodum
1527 1404 1615 1481 in
1645 1393 2137 1507 Vulpansere
2158 1396 2456 1477 nostro,
2541 1393 3255 1509 Dorsum,venter&
3275 1407 3514 1487 latera

824 1538 1004 1595 cum
1029 1511 1262 1595 cauda
1289 1506 1642 1594 cinerum
1665 1509 2052 1622 pallorem
2074 1505 2441 1589 nonnihil
2462 1507 2956 1593 obfuscatum
2977 1530 3294 1618 gerunt.
3350 1512 3509 1594 Alae

824 1631 1261 1704 maximam
1285 1623 1591 1733 partem
1622 1645 1930 1730 cyaneo
1948 1618 2202 1701 oculis
2227 1616 2733 1703 amaeniffim'o
2759 1615 3274 1728 reiplendent
3301 1654 3324 1701 :
3387 1649 3507 1707 re·

818 1735 1050 1846 liquo
1075 1731 1169 1816 ad
1192 1732 1734 1844 ferrugineum
1755 1727 2220 1842 divergunt.
2299 1727 2663 1842 Palmipes
2698 1729 2859 1830 est,
2904 1752 3000 1813 ut
3045 1726 3312 1818 anser:
3368 1733 3503 1822 sed

813 1872 1040 1931 crura
1059 1844 1380 1953 &pedes
1399 1845 1683 1931 colore
1703 1846 2066 1927 coccineo
2092 1845 2437 1931 rutilant.
2515 1842 2725 1929 Non
2752 1838 3190 1928 admodum
3210 1850 3295 1927 in
3327 1852 3499 1933 Bri·

816 1964 1100 2042 tanniae
1124 1952 1407 2041 nostrssae
1427 1956 1793 2040 litoribus
1815 1948 2184 2065 frequens
2209 1954 2320 2038 est
2347 1981 2373 2047 3
2397 1958 2582 2063 capi
2610 1976 2881 2041 tamen
2898 1952 3024 2042 hic
3048 1955 3493 2065 interdum,

813 2068 1251 2180 praesertim
1292 2066 1428 2149 ubi
1474 2068 1698 2153 saevit
1738 2064 2066 2175 hyems,
2107 2065 2384 2155 fertur..
2475 2067 2723 2151 Certe
2750 2073 2837 2151 in
2877 2068 3238 2154 universa
3264 2075 3496 2157 volu·

815 2205 1046 2261 crum
1070 2176 1615 2291 palmipedum
1644 2178 1908 2283 classe,
1952 2178 2256 2259 nullam
2272 2182 2641 2284 reperies,
2687 2177 2877 2263 huic
2897 2180 3289 2291 elegantia
3307 2184 3485 2275 for·

813 2320 955 2379 mae
976 2351 1002 2393 ‚
1060 2290 1497 2404 plumarum
1561 2314 1662 2369 ue
1723 2285 2252 2398 pulcritudine
2316 2287 2959 2400 comparandam.
3065 2288 3491 2406 Quocirca

814 2429 1073 2484 meam
1099 2425 1334 2483 avem
1389 2396 1515 2501 (in
1573 2398 1760 2483 ubie
1798 2398 1989 2480 sexu
2012 2406 2352 2510 marem)
2412 2401 2511 2485 ad
2532 2398 2801 2487 vivum
2826 2400 3178 2520 depingi,
3217 2410 3497 2497 oculif·

813 2542 972 2629 qne
998 2516 1144 2598 tuis
1164 2510 1301 2598 hic
1320 2509 1861 2623 uiurpandam
1885 2515 2323 2625 imaginem
2343 2508 2598 2624 objici
2626 2522 2923 2601 curavi.
2986 2578 2989 2581 ⁴
3476 2502 3489 2518 ⁶

1510 2891 1914 2991 Zpltlflsfflssflffl
1982 2955 2146 2995 malr!
2159 2955 2275 2995 ΗῘΜ

3191 2935 3447 3063 “dffflff
3575 2905 3587 2922 ”
3690 2960 3697 2968 ·

689 5238 769 5312 9.
843 5209 1093 5310 Fufi-a
1135 5203 1239 5309 (a
1276 5200 1625 5309 colore‚)
1679 5194 2142 5311 quibusdam
2186 5200 2458 5311 Media
2512 5204 2591 5310 (a
2648 5206 3222 5319 magnitudine,
3264 5220 3472 5301 inter

810 5329 1166 5405 Amtem
1207 5326 1281 5402 δι
1335 5309 1989 5423 Qerquedulam
2037 5311 2370 5420 media,)
2444 5344 2688 5429 quam
2739 5326 3099 5423 Gesnerus
3130 5326 3471 5410 eandem
3558 5386 3566 5392 -

807 5427 997 5520 fac'it
1038 5458 1222 5513 cum
1251 5421 1652 5539 liubasa,
1700 5420 1905 5504 unde
1951 5427 2564 5540 Erythrocephali
2612 5456 2935 5547 quoque
2974 5461 3271 5521 nomen
3300 5467 3472 5523 me·

805 5551 964 5627 ruit
988 5579 1044 5625 .··
1075 5535 1233 5655 tue
1248 5539 1797 5650 immutabat
1832 5535 2301 5733 miugtgu.

3093 5685 3230 5774 ις).
3294 5664 3474 5745 Cau·
