4559 6859
1679 545 2205 656 AVES.
3346 562 3491 691 -69

432 754 446 761 ·
571 712 934 809 monibus
967 728 1408 838 excipiunt,
1445 717 1962 835 redduntque
1999 720 2389 831 viciffim;
2440 725 2524 811 δε
2568 719 3173 837 diaphragmatis
3220 731 3507 809 vicem

575 827 1009 935 subeuntes,
1033 840 1134 921 ad
1161 831 1296 921 res
1339 832 1764 918 irationem
1783 828 2258 923 conferunt:
2316 838 2423 919 ita
2448 855 2545 937 ut
2584 842 2670 917 in
2704 840 3115 949 pennatis,
3166 838 3503 946 pulmo-

571 968 714 1025 nes
757 956 1020 1057 potius
1060 968 1242 1035 tran
1297 966 1416 1029 tur
1440 1011 1467 1046 ,
1505 950 1588 1031 &
1636 946 1770 1027 via
1815 945 2184 1053 quadam
2221 945 2329 1029 ad
2362 943 2975 1057 respirationem
3006 942 3447 1031 videantur
3468 1013 3498 1050 ‚

425 1058 452 1091 ‘
575 1080 822 1167 quam
849 1060 1069 1171 hujus
1089 1056 1582 1169 adaequatum
1607 1082 2014 1169 organum.
2063 1064 2359 1172 Neque
2382 1066 2627 1143 etiam
2657 1056 2789 1142 dia
2850 1058 2989 1143 hra
3132 1056 3499 1171 aipsum,

491 1236 508 1249 .
574 1171 736 1249 hue
758 1170 1298 1254 musculorum
1345 1166 1792 1271 abdominis
1827 1166 2316 1260 admimculo
2340 1237 2372 1282 ,
2426 1170 2785 1279 respiran
2851 1177 2866 1192 ‘
2906 1198 2963 1255 o
3046 1170 3260 1257 cium
3292 1195 3493 1285 prae-

575 1276 767 1369 stat:
830 1281 1292 1390 aliudque-ei
1313 1306 1602 1365 munus
1625 1280 2022 1367 incumbit
2062 1284 2149 1362 in
2183 1286 2279 1367 iis
2304 1345 2329 1381 ‚
2376 1283 2660 1399 quibus
2680 1280 3107 1366 carnosum
3133 1280 3298 1363 five
3318 1297 3491 1364 mu·‘

573 1386 974 1487 sculosum
997 1398 1380 1507 contigit.
1469 1392 2001 1497 Nimirumnt
2015 1395 2541 1480 ventriculum
2554 1391 2749 1478 cibo
2778 1394 3215 1509 turgidum,
3242 1397 3324 1495 ὃς
3366 1398 3488 1477 ἰηὲ-

573 1496 859 1585 testina
893 1502 1249 1617 ,saecibus
1292 1506 1642 1618 flatuque
1685 1504 2024 1589 distenta
2073 1500 2473 1617 deprimat
2494 1540 2531 1593 ,-
2584 1532 2687 1615 nc
2717 1527 2861 1591 cor
2882 1556 2909 1605 ‚
2951 1511 3033 1588 &
3060 1502 3487 1619 pulmones

381 1642 392 1654 ·
471 1660 482 1673 =
573 1608 670 1697 ab
718 1640 1001 1723 eorum
1041 1611 1384 1731 ingreffi'i
1430 1622 1824 1729 patiantur
1859 1620 2274 1732 angustias
2296 1672 2323 1715 ,
2380 1623 2727 1731 vitaeque
2760 1618 3197 1734 penetralia
3220 1624 3490 1732 oppri-

573 1744 912 1811 mantur.
1014 1731 1264 1841 Cujus
1313 1728 1642 1841 periculi
1692 1754 1876 1814 cum
1925 1737 2007 1813 in
2071 1730 2347 1815 avibus
2392 1731 2640 1815 nullus
2680 1726 2775 1814 fit
2804 1750 3058 1820 metus
3086 1794 3115 1830 ,
3168 1721 3490 1841 septum

573 1838 1168 1953 membraneum
1208 1842 1306 1926 iis
1351 1840 1741 1925 donatum
1779 1838 1891 1925 est
1913 1904 1942 1951 2
1999 1838 2423 1953 respirandi
2462 1840 2721 1925 ufibus
2768 1844 2995 1931 valde
3018 1862 3488 1945 ‚accommo-

572 1952 791 2037 dum.
867 1956 1076 2037 Hinc
1099 1960 1370 2067 itaque
1387 1953 1600 2055 clare
1623 1956 1906 2076 liquet,
1951 1956 2353 2049 Naturam
2384 2021 2409 2056 ,
2454 1955 2545 2063 in
2578 1962 2844 2039 avium
2886 1955 3213 2067 organis
3246 1979 3491 2063 pneu-
3526 1954 3531 1957 ’

575 2061 892 2147 maticis
935 2062 1038 2147 ad
1075 2062 1294 2148 hunc
1321 2064 1661 2149 modum
1701 2063 2210 2167 fabricandis,
2247 2066 2597 2178 duplicem
2637 2062 2782 2150 sibi
2821 2060 3303 2177 proposuiffe
3332 2069 3491 2173 [co-

547 2194 782 2286 ptm:
841 2201 1130 2286 nempe
1169 2200 1258 2259 ut
1281 2186 1360 2260 δι
1389 2176 2004 2287 diaphragmatis
2030 2172 2447 2259 musculofi
2484 2172 2883 2265 defectum·
2904 2174 3339 2287 suppleret,
3394 2170 3489 2259 fi-

571 2286 902 2401 mulque
923 2288 1108 2369 alias
1133 2285 1632 2373 insufficienti
1665 2281 2617 2401 pulmonum'dilatationi
2646 2350 2674 2399 ,
2716 2315 2872 2403 qua
2895 2310 3177 2373 eorum
3216 2280 3493 2397 perfo-

573 2402 890 2500 ratione
924 2467 949 2502 ,
998 2426 1154 2513 qua
1173 2400 1813 2485 membranarum
1849 2390 2028 2483 satis
2075 2396 2410 2510 copiose
2435 2396 2799 2511 inspirati
2848 2402 3493 2509 aeriscapacium

575 2509 1139 2624 supplemento
1162 2564 1190 2610 ,
1225 2508 1715 2628 prospiceret
1757 2502 1994 2619 atque
2014 2537 2115 2593 au
2124 2508 2557 2595 xiliaretut.
2600 2526 2617 2544 ·
2639 2506 2907 2623 Qod
2940 2504 2999 2593 fi
3047 2534 3326 2593 verum
3342 2510 3491 2613 est,

575 2616 959 2737 equidem
991 2646 1160 2709 non
1199 2622 1527 2737 amplius
1549 2627 1703 2705 erit
1723 2679 1753 2727 ‚
1799 2618 2024 2737 quod
2049 2626 2251 2707 aeris
2280 2629 2366 2706 in
2390 2626 2659 2705 avium
2677 2643 2989 2709 ventres
3020 2616 3384 2736 inspirati
3406 2648 3493 2703 u·

576 2736 746 2819 ium
771 2762 1212 2851 quaeramus
1241 2734 1510 2842 alium,
1534 2760 1776 2847 quam
1793 2739 1932 2849 qui
1963 2732 2058 2815 fit
2085 2733 2487 2819 nobismet
2509 2738 2749 2817 etiam
2772 2739 2799 2818 i
2806 2730 2999 2847 pfis,
3032 2728 3495 2845 exterisque

581 2828 1045 2933 animalibus
1069 2846 1443 2963 sanguine
1485 2848 1849 2956 praeditis
1868 2842 2566 2931 indiscriminatim
2597 2846 3091 2941 communia
3143 2846 3497 2957 manime

575 2980 762 3043 cum
787 2959 1150 3045 dubitare
1178 2961 1444 3060 liceat,
1489 2988 1588 3044 an
1609 2964 1885 3043 nonin
1907 2952 2184 3043 homine
2207 2962 2488 3060 etiam,
2530 2955 2719 3052 dum
2740 2962 2954 3043 vivit
2982 3024 3010 3063 ,
3052 2981 3188 3041 aer
3212 2982 3355 3070 per
3373 2961 3499 3039 in·

579 3068 1083 3187 conspicuos·
1108 3072 1581 3186 pulmonum
1644 3091 1954 3157 meatus
1973 3136 2004 3179 ,
2066 3075 2152 3152 in
2209 3070 2553 3155 thoracis
2592 3075 3025 3157 cavitatem
3086 3087 3496 3185 penetret.

577 3180 1044 3375 Qkiomodo
1066 3190 1278 3269 enim
1304 3186 1534 3270 aliter
1556 3188 1644 3267 iu
1667 3182 2134 3269 vulneribus
2166 3183 2529 3293 pectoris
2578 3181 2873 3286 (illaefis
2907 3187 3157 3274 etiam
3181 3179 3499 3287 pulmo·

577 3301 665 3376 ni
734 3294 887 3401 us)s
913 3322 1043 3379 aer
1080 3324 1225 3409 per
1281 3297 1564 3385 vulnus
1591 3293 1803 3382 foras
1845 3300 2283 3406 erumpat?
2337 3317 2473 3379 aut
2517 3296 2875 3399 liquores
2899 3290 3494 3381 ,in'cavitatem

575 3406 920 3520 pectoris
943 3410 1247 3513 injecti,
1276 3410 1462 3487 cuin
1485 3403 1727 3513 sputo
1748 3402 2185 3518 reddantur
2207 3414 2257 3527 Ιἓ
2328 3427 2421 3481 ut
2439 3396 2858 3511 ‚Hamas
2886 3393 3220 3483 nervose
3262 3420 3495 3511 argu-

579 3536 1014 3603 mentatur.
1091 3568 1104 3579 -
2012 3580 2034 3593 .

696 3634 914 3741 Qae
955 3622 1232 3711 avibus
1273 3630 1364 3710 in
1391 3626 1688 3741 genere
1713 3631 2038 3741 propria
2078 3620 2230 3711 fint
2293 3631 2376 3708 &
2407 3624 2890 3738 peculiaria,
2926 3620 3093 3733 jam
3125 3622 3501 3717 vidimus:

577 3742 1047 3821 Proximum
1070 3738 1186 3821 est
1218 3806 1245 3843 ,
1290 3759 1386 3829 ut
1407 3742 1804 3825 videamus
1847 3738 2125 3853 quibus
2165 3735 2793 3825 differentiarum
2843 3728 3157 3819 iudiciis
3200 3730 3499 3844 fingula

583 3868 849 3931 earum
878 3858 1172 3962 genera
1199 3848 1244 3931 a
1263 3854 1562 3937 caeteris
1581 3851 1940 3936 omnibus
1959 3848 2394 3953 commode
2418 3848 3083 3940 internoscantur.

697 3960 968 4047 Distin
1089 3980 1322 4043 untur
1341 3961 1830 4075 generalius,
1871 3965 2046 4049 loci
2076 3968 2162 4049 in
2204 3988 2370 4081 quo
2409 3969 2758 4047 maxime
2798 3956 2898 4041 de
3061 3981 3097 4044 t
3136 3963 3503 4063 ratione,'

584 4072 674 4150 in
729 4067 943 4154 Ίὲννε
1006 4102 1158 4172 res,
1183 4079 1264 4155 δε
1305 4080 1736 4185 Aquaticas.
1825 4076 2266 4175 Terrestres
2312 4099 2507 4157 vero
2554 4073 2867 4158 subdivi
2923 4090 3166 4155 untur
3206 4078 3295 4155 in
3341 4064 3497 4173 (1,)

587 4187 1044 4271 carnivoras
1092 4184 1258 4287 (2,)
1323 4186 1840 4295 Ιψὲῗὶυονας,
1893 4186 2088 4299 (3,)
2149 4195 2616 4277 Granivoras
2652 4248 2677 4284 ‚
2734 4181 2878 4267 iub
2937 4183 3225 4296 quibus
3274 4203 3503 4291 com-

587 4295 1197 4403 prehenduntur
1214 4296 1780 4393 Pulveratrices‚
1828 4299 2249 4409 sylvestres
2273 4304 2357 4379 &
2387 4294 2839 4383 domesticae
2862 4339 2899 4403 ς
2949 4292 3502 4383 Pulveratrices

594 4405 675 4487 &
699 4410 1026 4497 Lotrices
1049 4402 1319 4494 fimul:
1387 4415 1470 4491 &
1522 4410 1650 4521 (4)
1712 4424 2167 4509 Baccivoras.
2239 4414 2626 4522 Aquaetlcae
2677 4429 2942 4493 autem
2959 4407 3052 4489 in
3108 4402 3265 4513 (1,)
3322 4412 3501 4491 Pal·
3538 4492 3565 4534 ο

706 4503 724 4527 ἱ

591 4518 932 4635 οηὶρελεε,
963 4526 1041 4621 δε
1097 4520 1224 4633 (2)
1273 4523 1348 4605 F
1345 4518 1656 4629 ifflpedes
1706 4520 2295 4640 dispescuntur:
2370 4544 2553 4633 quae
2589 4526 2827 4643 etiam
2888 4518 3017 4641 sua
3059 4514 3496 4641 syrtiuntut

521 4685 531 4693 -
597 4638 913 4751 genera,
938 4630 1255 4761 inferius
1276 4643 1824 4749 proponenda.
1977 4706 1984 4711 -
