4559 6859
1471 610 2588 737 FossILIAE
2995 585 3002 594 ’
3391 674 3513 774 19

592 810 1109 922 impediatur,
1151 809 1343 895 oleo
1381 813 1629 891 nucis·
1656 806 2095 900 Moschatae
2138 810 2544 926 inungunt
2591 809 2770 895 vasa
2807 840 2910 899 ex
2963 840 3070 900 eo
3109 750 3518 907 fabricata.

590 923 1252 1032 commendatur
1293 921 1403 1006 ad
1445 922 1725 1028 multa,
1808 951 1991 1038 quae
2052 920 2454 1008 schedula
2494 927 2698 1035 typis
2745 925 3128 1015 mandata
3185 956 3521 1019 enume-

590 1062 765 1118 rare
796 1036 1058 1122 solent
1092 1034 1581 1133 venditores
1624 1034 2245 1119 circumforanei
2263 1066 2289 1113 ε
2373 1030 2510 1119 sed
2551 1038 2948 1138 omnibus,
3003 1054 3174 1131 imo
3225 1045 3514 1161 aliqui-3

590 1144 735 1233 bus
780 1174 883 1234 an
941 1146 1142 1237 fides
1165 1145 1622 1234 adhibenda
1664 1144 1791 1255 fit,
1848 1150 1965 1235 est
2009 1173 2153 1232 cur
2216 1146 2456 1233 valde
2485 1148 2982 1239 dubitemus.
3067 1258 3073 1261 =

604 1342 611 1347 ¹
911 1308 917 1325 ¹
1336 1350 1348 1358 ⁵
1474 1376 1524 1445 “.
1644 1379 1773 1459 Ex
1828 1378 2249 1491 Variegatis
2293 1376 2480 1465 sunt

708 1628 744 1678 1
762 1661 781 1682 .
841 1597 1225 1683 cinereum
1275 1601 1852 1688 Seravitiamn
1919 1615 1988 1698 c·
2016 1596 2238 1709 quod
2281 1598 2668 1695 Seravits'ae
2715 1602 3047 1721 aliisque
3084 1582 3192 1687 in'
3221 1599 3415 1687 locis
3431 1604 3512 1689 1-

590 1710 797 1797 taliae
836 1718 1279 1823 reperiatur
1310 1727 1379 1808 ‚2
1422 1714 1651 1827 quod
1710 1708 1975 1795 durius
2018 1714 2165 1816 est,
2218 1718 2302 1799 &
2350 1741 2539 1802 vere
2577 1723 3005 1821 Marmor,
3064 1724 3146 1800 δε
3181 1718 3513 1802 maculis

460 1854 487 1895 υ
580 1829 909 1907 cinereis
949 1820 1290 1939 infigne.
1398 1834 1523 1911 Ex
1566 1823 1729 1907 hoc
1760 1821 2024 1936 globi
2095 1822 2636 1913 conficiuntur
2680 1837 2938 1944 parvi,
2997 1846 3086 1910 ut
3149 1828 3510 1913 manibus

580 1932 1106 2018 detineantur
1138 1938 1243 2021 ab
1291 1942 1419 2042 iis,
1475 1948 1615 2049 qui
1650 1935 1874 2024 febre
1917 1931 2248 2019 ardente
2283 1937 2680 2027 laborant.
2789 1948 2942 2026 His
2985 1942 3202 2027 enim
3245 1963 3504 2023 recre-

586 2050 697 2130 ari
740 2046 1140 2150 videntur,
1190 2047 1393 2135 dum
1430 2046 1985 2160 refrigerando
2030 2046 2397 2133 dolorem
2441 2060 2828 2169 mitigant
2859 2058 2941 2141 δε
2985 2052 3384 2137 ardorem.

596 2246 604 2260 ,
700 2185 774 2244 2.
833 2155 1267 2244 subviridis
1312 2160 1450 2248 ille
1496 2162 1761 2275 Lapis,
1836 2158 2051 2245 Italis
2125 2162 2439 2249 Verdeuo
2494 2164 2797 2257 dietim
2850 2188 2954 2248 eo
3009 2169 3218 2249 enim
3259 2180 3505 2245 utun·-

576 2280 713 2357 'tur
758 2268 1073 2381 Lapidis
1112 2270 1362 2389 Lydii
1403 2275 1620 2374 loco,
1675 2271 1777 2358 ad
1805 2296 2083 2359 aurum
2110 2284 2195 2360 δι
2230 2274 2548 2359 metalla
2584 2274 3030 2389 probanda.
3137 2272 3498 2470 (fflitdam

576 2382 911 2495 Thyitem
951 2390 1347 2481 Veterum
1400 2386 1554 2472 effe
1588 2385 2109 2474 arbitrantur.
2227 2388 2658 2477 Nostrates
2699 2386 3216 2487 &mniffi‘aeat
3343 2411 3493 2470 no-

576 2503 932 2579 minant.

586 2696 599 2713 ,
700 2636 743 2713 3
758 2673 777 2693 .
840 2606 1424 2701 Garantronium
1498 2610 1867 2725 Imperaeti
1884 2652 1919 2717 ς
2080 2606 2245 2696 uod
2336 2616 2958 2723 pulcherrimum
2997 2606 3115 2694 est
3129 2678 3161 2720 ,
3233 2610 3498 2693 literis

445 2802 455 2811 ,
578 2719 795 2856 guali
840 2727 1205 2809 Arabicis
1270 2726 1322 2815 ὲ
1367 2734 1671 2817 Natura
1728 2722 1876 2806 fibi
1938 2640 2356 2837 inatqutis
2395 2726 2873 2841 superbiens,
2931 2722 3206 2808 colore
3260 2749 3496 2807 aureo

571 2863 665 2919 m
697 2838 1542 2950 'corporepurpurem
1686 2837 2181 2921 Concretum
2246 2831 2560 2925 videtur
2604 2838 2655 2926 ἐ
2692 2860 2905 2923 terra
2947 2860 3101 2948 pur
3158 2858 3347 2917 urea
3406 2841 3494 2919 δε

570 2948 1121 3055 putaminibus
1156 2958 1435 3049 aureis,
1493 2945 2095 3059 superveniente
2131 2944 2374 3056 succo
2407 2972 2546 3035 aut
2588 2952 2875 3065 spiritu
2911 2944 3064 3057 lapi
3117 2944 3329 3035 ifico,
3375 2952 3493 3043 In

570 3056 763 3157 Asia
801 3065 1013 3141 inter
1071 3085 1550 3148 ornamenta
1605 3083 1746 3141 cor
1858 3065 1959 3141 ris
2006 3059 2391 3173 gestatur,
2451 3069 2536 3144 δε
2580 3091 2684 3147 ex
2726 3087 2828 3146 eo
2871 3058 3290 3143 manubria
3326 3058 3498 3142 cul-

569 3188 881 3256 trorum
907 3176 987 3253 &
1055 3173 1523 3286 gladiorum
1584 3195 1691 3255 co
1801 3179 2049 3256 ciunt.
2177 3172 2394 3287 Lege
2421 3178 2636 3286 plura
2676 3163 2888 3288 apud
2949 3166 3303 3257 Fer-rand
3338 3174 3499 3254 Im·

550 3298 799 3393 perae.
851 3282 1083 3368 Hift.
1131 3290 1503 3373 Natural.
1561 3280 1693 3366 lib·
1722 3314 1861 3390 24·
1910 3305 2075 3397 cap.
2100 3310 2235 3384 ²5·

682 3430 764 3495 4.
824 3399 1335 3483 Florentinum
1396 3400 1873 3508 variegatam
1899 3427 1933 3484 ,-
1987 3394 2208 3509 quod
2244 3420 2396 3507 per
2434 3390 2516 3483 se
2564 3396 2922 3487 maxima
2968 3420 3076 3478 ex
3115 3416 3346 3508 parte
3367 3402 3492 3482 ci·

568 3532 897 3591 nereum
948 3506 1136 3592 licet
1190 3506 1317 3622 fit,
1378 3514 1711 3597 maculis
1774 3528 2052 3593 tamen
2094 3502 2328 3607 fuscis
2347 3572 2378 3620 ,
2447 3519 2530 3599 ὅτ
2568 3512 2808 3596 lineis
2897 3506 3496 3601 obscurioribus

562 3618 766 3704 hinc
804 3620 989 3707 inde
1026 3620 1287 3709 ductis
1332 3620 2079 3719 &discurrentibus
2106 3686 2136 3727 ,
2204 3622 2371 3736 jam
2419 3642 2716 3719 turres,·
2745 3624 2911 3735 jam
2958 3620 3194 3724 aedes,
3251 3650 3490 3709 mon·

562 3752 721 3833 tea,
784 3734 1139 3835 flumina,
1196 3760 1292 3819 ac
1328 3746 1681 3850 integras
1726 3733 2091 3831 civitates
2109 3732 2472 3838 exbibet.
2579 3737 2858 3828 Nobis
2899 3730 3323 3826 fimum,
3352 3756 3492 3821 aut

562 3844 1213 3946 mmipmatuae
1254 3854 1573 3935 dicitur.
1688 3848 1958 3939 Variae
2004 3844 2225 3943 huius
2266 3845 2609 3937 Tabnlae
2650 3851 2736 3933 in
2777 3856 2854 3935 R
2891 3882 2934 3930 n
2977 3875 3032 3925 o
3065 3868 3102 3925 1
3141 3866 3220 3923 ,Β
3318 3851 3496 3937 So·

570 3990 621 4039 c
658 3990 692 4038 1
733 3992 776 4041 a
812 3996 857 4045 τ
888 3995 938 4043 a
974 3998 1021 4045 τ
1060 3990 1097 4043 1
1126 3992 1159 4043 s
1208 3956 1793 4045 cimeliarchio
1853 3955 2357 4051 affervantur,
2408 3966 2500 4041 in
2543 3962 2829 4074 quibus
2877 3974 3282 4072 praerupta
3314 3981 3486 4047 tut-

558 4070 772 4155 rium
829 4072 1312 4175 rudimenta,
1364 4071 1583 4153 urbis
1622 4068 2111 4179 inaequaliter
2146 4066 2318 4151 fitae
2372 4068 2661 4155 domus
2700 4080 2784 4156 δε
2817 4068 3153 4159 edificia
3176 4134 3208 4181 ,
3282 4074 3484 4157 alia.

563 4184 725 4296 que
766 4186 851 4269 id
890 4211 1140 4301 genus
1177 4183 1759 4300 phaenomena,
1817 4174 2160 4275 distretis
2220 4182 2626 4269 coloribus
2677 4197 2760 4267 δε
2807 4178 3243 4271 artificiose
3281 4184 3484 4270 deli..

491 4404 497 4409 Π
560 4318 802 4379 neata
934 4297 985 4381 a
1032 4302 1351 4389 Natura
1417 4293 1775 4391 ludente,
1830 4287 1994 4375 fine
2038 4296 2288 4379 omni
2329 4301 2526 4379 artis
2567 4297 2934 4420 pictoria:
2988 4291 3480 4398 ministerio,

560 4432 786 4521 repre
814 4434 1241 4497 emantur.
1954 4464 1990 4501 a,

650 4546 744 4626 .5·
804 4528 1368 4633 Embtstatum,
1424 4550 1525 4610 ex
1574 4542 1877 4609 monte·
1922 4524 1975 4603 S
2008 4550 2043 4605 1
2082 4552 2137 4605 n
2173 4556 2222 4605 a
2260 4552 2296 4608 1
2347 4517 3080 4634 Hierosolymitano
3102 4517 3476 4631 deprom-

556 4629 781 4722 tum,-
824 4641 1050 4750 quod
1074 4643 1417 4726 albicans
1447 4636 1591 4735 est,
1627 4638 1727 4723 ad
1754 4631 2239 4722 flavedinem
2270 4634 2621 4731 tenden53
2669 4643 2750 4719 δε
2778 4660 3264 4750 quocunque
3301 4662 3480 4719 mo-

560 4744 681 4829 do
711 4748 1006 4834 secetur
1032 4778 1167 4837 aut
1192 4749 1617 4841 dividatur,
1662 4760 1749 4835 in
1788 4778 1891 4832 eo
1917 4748 2235 4832 arbusta
2265 4749 2707 4847 &frutices,
2758 4747 3042 4834 colore
3082 4754 3474 4857 nigrican-

452 4966 503 5023 κ
555 4860 1221 5061 {effetata}
1236 4859 3482 5089 ¹1:333,‘'amitttat-raiazaaestuata:

552 5080 763 5169 adeo
806 5084 1038 5172 durus
1076 5109 1369 5185 tamen,
1410 5077 1503 5168 ut
1527 5088 1909 5169 calcinari·
1946 5110 2338 5193 nequeat,
2365 5086 2494 5171 sed
2521 5082 2952 5169 fortiffimo
2983 5088 3178 5196 igne
3215 5084 3469 5169 instar

560 5197 759 5279 vitri
802 5200 1212 5284 fundatur.
1294 5206 1472 5312 Ego
1521 5198 1865 5311 Anglice
1906 5216 2253 5317 Mage,
2313 5198 2467 5285 five
2515 5212 3061 5311 Ὲιιωριῼπῆε
3095 5212 3176 5295 flt'
3213 5210 3480 5311 ῢίπῑῐ*

558 5316 769 5399 salem
798 5322 1317 5399 nominarem.
1383 5308 1649 5417 Hujus
1695 5320 1940 5396 etiam
1993 5342 2298 5429 generis
2340 5314 2660 5397 Tabula
2704 5311 3169 5413 Embolima
3191 5310 3473 5393 viditur

558 5430 779 5507 inter
804 5426 1154 5511 Rariora
1196 5430 1539 5513 Natura:
1586 5428 1673 5506 in
1718 5424 1963 5521 dietae
2012 5436 2205 5513 Soc.
2270 5432 2504 5511 Rue.
2579 5425 2873 5507 musaeo
2921 5422 3303 5512 coueeca.
3358 5426 3474 5504 A·

555 5535 748 5621 liam
798 5534 1449 5656 elegantiffimam
1501 5533 1795 5659 diserte
1848 5536 2235 5627 describit
2287 5542 2406 5627 Ol.
2487 5536 2857 5623 Womius
2905 5534 2988 5618 in
3040 5532 3294 5647 Musei
3325 5530 3466 5641 sui

550 5668 759 5799 mg
798 5674 936 5759 ⁴⁵⁰
1963 5762 2093 5868 (F
2146 5720 2251 5873 ὲ)
2441 5842 2448 5849 ,
3335 5704 3516 5849 Μ’
