4559 6859
515 808 747 931 super
766 822 1137 905 laminam
1179 839 1751 910 marmoream,
1810 818 1892 895 &
1914 819 2007 895 in
2029 810 2430 924 pulverem
2454 806 2996 897 tenuissim'um
3019 810 3112 899 ac
3135 814 3400 903 lae'viss

508 924 795 1016 fimum
816 928 1199 1016 laboriose
1215 929 1701 1042 redigantura
1815 928 1995 1039 Qi
2020 932 2106 1007 in
2136 948 2275 1008 vas
2293 917 2533 1009 ficiile
2557 924 2685 1005 vel
2701 927 3046 1009 vitreum
3074 988 3104 1039 ,
3159 930 3404 1017 subii:b

510 1047 867 1123 ‘mationi
884 1040 1587 1128 accommodatum
1610 1088 1635 1143 ‚-
1696 1044 1779 1119 δε
1801 1060 2061 1147 capite
2082 1040 2327 1136 ὁπως
2395 1045 2529 1141 (ut
2544 1059 2843 1121 vocant
2861 1040 3292 1157 Chymici)
3313 1055 3404 1132 in

518 1154 739 1264 cujus
764 1178 1037 1241 tamen
1062 1158 1366 1238 vertice
1380 1150 1747 1239 foramen
1767 1152 1895 1230 exi
1956 1172 2145 1229 unm
2166 1178 2193 1241 5
2250 1171 2434 1229 nem
2589 1149 2838 1257 apicis
2877 1150 3114 1267 digiti
3167 1166 3406 1243 mini.

517 1272 632 1348 mi
663 1290 921 1377 capax
953 1323 987 1371 ,
1042 1264 1341 1353 factum
1389 1264 1547 1363 est,
1608 1260 1858 1345 instru
1938 1288 2119 1359 um,
2173 1259 2400 1342 immi
2459 1282 2546 1338 us
2623 1264 2704 1343 in
2755 1255 3089 1351 fornace
3163 1268 3413 1354 subii:

516 1384 854 1461 matoria
878 1379 1333 1464 collocetur
1357 1406 1381 1455 ε
1448 1384 1521 1461 &
1550 1371 1921 1457 succensis
1946 1370 2413 1455 carbonibus
2445 1390 2824 1483 urgeatur
2846 1434 2875 1479 ,
2929 1373 3184 1465 donec
3202 1380 3410 1473 bona

517 1496 887 1573 mixturae
909 1504 1077 1599 pars
1098 1513 1495 1601 vaporum
1532 1484 1783 1597 specie
1823 1482 2316 1568 exhalaverit
2340 1514 2363 1561 ε
2428 1486 2750 1573 interim
2782 1486 3408 1601 prospiciendo3
3445 1544 3465 1561 -

518 1624 627 1685 ne
668 1599 968 1686 diaum
1004 1604 1363 1691 foramen
1404 1598 1998 1683 exhalationum
2028 1601 2346 1707 agmine
2371 1592 2603 1707 plane
2627 1594 3096 1684 obstruatur.
3205 1605 3408 1693 Ces.

518 1706 743 1795 sante
760 1710 989 1797 fumo
1010 1772 1037 1815 ,
1097 1708 1591 1796 subtrahatur
1616 1715 1814 1821 ignis
1836 1758 1863 1805 ‚
1903 1711 2420 1817 &postquam
2440 1710 2718 1789 omnia
2763 1706 3040 1819 sponte
3081 1712 3407 1800 refrixea

515 1829 689 1909 r'int
711 1874 738 1919 ‚
798 1822 1195 1911 auferatur
1249 1843 1509 1937 caput.
1562 1821 1723 1907 His
1746 1828 1899 1903 rite
1922 1816 2269 1931 peractis
2289 1882 2318 1922 ,
2371 1816 2580 1899 collo
2607 1816 2798 1903 vafls
2825 1827 3349 1911 circumcirca
3379 1878 3410 1924 ,

523 1933 827 2019 annulli
856 1935 937 2017 in
956 1936 1290 2023 modum
1321 1995 1343 2032 ‚
1400 1932 1939 2018 adhaerentem
1958 1924 2269 2013 videbis
2291 1927 2572 2018 florem
2657 1928 2992 2017 uendam
3033 1940 3251 2020 aurei
3270 1964 3412 2049 co·

517 2048 761 2150 loris,
813 2050 895 2127 Bt
919 2048 1199 2159 butyri
1220 2049 1455 2145 instar
1474 2044 1813 2155 mollem
1838 2075 1861 2122 ε
1922 2040 2061 2155 qui
2077 2062 2512 2147 exemptus
2534 2070 2558 2118 =
2713 2042 2758 2123 a
2787 2038 3158 2131 Mercurii
3186 2058 3412 2140 crudi

520 2183 681 2240 una
726 2156 1321 2243 ascendentibus
1392 2155 1797 2271 particulis
1850 2147 2448 2271 quibuscunque
2493 2150 2876 2265 separatus
2894 2206 2922 2251 2
2973 2156 3089 2243 est
3129 2186 3412 2253 verum

524 2274 809 2355 Aurum
849 2268 1232 2379 Mtfsicmn.
1346 2276 1547 2376 Qo
1596 2277 1925 2375 ,λης-αὶ
1956 2260 2438 2379 potissimum
2480 2284 2863 2376 utuntur,
2916 2290 3008 2351 ut
3031 2294 3131 2353 ex
3151 2274 3412 2387 gypso

523 2388 899 2581 fagil-lage
923 2388 1196 2479 efficitis
1216 2398 1700 2503 Magnarum
1722 2390 1991 2473 statuis
2011 2382 2364 2471 colorem
2378 2384 2595 2468 AEris
2635 2384 2760 2467 vel
2778 2382 3148 2475 orichalci
3169 2414 3416 2479 aemus

554 2524 690 2579 um
707 2527 791 2581 m
856 2524 1120 2588 [leant.

640 2718 1010 2829 Qodut
1026 2726 1299 2809 melius
1325 2712 1687 2836 'praestent
1703 2784 1730 2821 ‚
1774 2724 2054 2811 statuas
2080 2714 2341 2832 primo
2363 2704 2749 2806 oblinunt
2773 2726 3194 2835 pigmento
3213 2740 3419 2847 quoi

525 2828 712 2917 dam
738 2894 765 2937 ‚
822 2861 925 2919 ex
950 2836 1275 2920 vmbria
1297 2846 1375 2916 &
1408 2831 1647 2919 chrae
1666 2832 1875 2919 luteae
1899 2830 2245 2945 partibus
2267 2834 2696 2947 aequalibus
2711 2900 2739 2940 ,
2791 2837 3306 2948 laevigatione
3325 2843 3416 2928 in

524 2944 913 3059 pollinem
958 2940 1285 3047 redactis
1320 3006 1345 3043 ‚
1400 2943 1688 3056 oleoque
1728 2964 1915 3054 puro
1961 2938 2215 3055 probe
2263 2949 2884 3058 contemperatis
2902 3009 2934 3055 ,
2985 2948 3420 3037 conicito&

525 3062 759 3166 eique
777 3060 1176 3173 jampene
1214 3054 1605 3142 exsiccato
1655 3064 1735 3139 δε
1770 3056 2105 3138 alterum
2145 3048 2434 3137 deinde
2456 3054 3142 3171 superinungunt3
3192 3062 3420 3175 quod
3505 3106 3512 3111 ·

524 3192 631 3251 ex
652 3174 853 3259 Auri
862 3162 1161 3279 Παῤ-υἱ
1184 3170 1493 3280 polline
1522 3228 1549 3269 ,
1604 3178 1676 3254 8(
1702 3172 2118 3281 pinguiori
2162 3162 2681 3276 wasemium
2711 3167 2916 3252 Lini
2933 3219 2960 3265 ,
3014 3168 3252 3258 radiis
3289 3174 3422 3259 io·
3549 3254 3558 3265 .

526 3277 813 3363 laribus
835 3278 1047 3394 prius
1072 3278 1516 3367 clarificato
1536 3330 1563 3373 2
1605 3286 2077 3365 commixtis
2096 3334 2124 3384 ,
2178 3280 2378 3363 &in
2423 3305 2827 3363 marmore
2860 3276 3228 3373 diuturna
3261 3290 3418 3368 cira

528 3397 1021 3479 cumactione
1044 3398 1405 3478 contritis
1429 3453 1458 3493 ,
1500 3390 1841 3473 constat.
1903 3397 2197 3483 sivero
2218 3394 2436 3503 Capri
2463 3392 2821 3475 colorem
2837 3392 3428 3508 Paradigmatis

526 3498 687 3587 suis
710 3504 1043 3618 Gypseis
1060 3508 1437 3589 inducere
1454 3500 1945 3585 constituant
1964 3526 1995 3591 5
2046 3518 2241 3582 tunc
2256 3506 2513 3615 priori
2540 3508 2966 3619 pigmento
2984 3504 3424 3597 admistent

532 3610 949 3725 dimidiam
978 3615 1584 3729 proportionem
1610 3612 1841 3700 chrae
1869 3616 2123 3713 rubrae,
2154 3632 2344 3698 cum
2361 3616 2803 3702 cinnabar-ie
2820 3614 2950 3697 v'el
2973 3614 3204 3706 Minii
3221 3644 3420 3733 pauis

532 3727 767 3811 xillo.
830 3732 967 3812 Sin
994 3728 1195 3816 AErt'n
1205 3727 1378 3841 jam
1398 3724 1951 3813 veterati-‚entis
1967 3744 2207 3838 atque
2242 3720 2350 3806 ad
2392 3720 2897 3813 viriditatem
2919 3730 3010 3813 in
3029 3728 3427 3843 superficie

527 3837 979 3926 inclinantis
1000 3840 1229 3921 color
1273 3838 1745 4032 (qualemin
1776 3844 2005 3925 aeneis
2026 3840 2553 3945 antiquorum
2581 3840 2852 3923 statuis
2871 3902 2898 3939 ,
2959 3848 3044 3923 δε
3091 3846 3419 3936 vetusti-‚3

530 3950 799 4034 oribus
819 3953 1239 4034 tormentis
1254 3947 1353 4029 be
1392 3950 1565 4031 licis
1580 3956 1981 4031 cernimus
2004 3956 2049 4047 )
2087 3952 2389 4053 gratior
2422 3946 2834 4030 videatur:
2881 3964 3061 4035 tum
3103 3952 3420 4047 Ochrae

530 4063 790 4145 rubrae
808 4125 835 4170 ,
880 4066 962 4145 &
994 4120 1019 4159 ,
1074 4056 1325 4139 Minii
1360 4059 1555 4142 loco
1634 4065 1857 4143 AEre's
1898 4061 2188 4145 viridis
2231 4058 2642 4143 tantillum
2663 4055 3166 4153 substituunt.
3189 4062 3426 4153 Hoc-³·

524 4196 694 4281 que
713 4170 949 4284 pacto
976 4170 1439 4256 alterutrum
1470 4166 1515 4255 ὲ
1540 4122 1769 4255 <lieris
1786 4168 2140 4256 Metalli,
2166 4184 2335 4249 tam
2383 4168 2677 4254 affabre
2717 4178 3215 4259 mentiuntur
3241 4232 3268 4275 ,
3333 4201 3428 4263 ut

533 4282 643 4365 fic
660 4286 1051 4369 coloratas
1084 4280 1357 4365 statuas
1379 4344 1407 4389 ,
1448 4308 1623 4365 non
1643 4304 1746 4364 ex
1784 4275 2083 4393 Gypso
2106 4278 2484 4389 Argillave
2506 4289 2592 4369 in
2627 4306 2778 4395 pro
2865 4278 3153 4370 asmate
3177 4290 3424 4371 ficca-

532 4414 619 4477 ta
642 4462 667 4497 ,
716 4397 845 4482 sed
862 4422 961 4479 ex
982 4392 1245 4479 solido
1265 4420 1417 4477 aere
1432 4393 1559 4480 vel
1600 4390 2061 4477 orichalco
2100 4410 2273 4474 arte
2301 4387 2598 4476 fusoria
2634 4391 2764 4476 effi
2841 4420 2938 4475 -as
2973 4398 3172 4495 effe,
3210 4390 3428 4488 haud

533 4512 955 4591 immerito
973 4502 1352 4589 crederes.
1478 4512 1707 4592 Hanc
1727 4504 2351 4590 Colorationem
2396 4510 2616 4615 (qua
2631 4504 2840 4587 unua
2867 4506 3022 4593 alia
3043 4528 3178 4593 aut
3219 4537 3422 4594 ocu-

534 4616 631 4702 lis
660 4628 909 4735 magis
926 4638 1145 4732 grata
1170 4685 1195 4722 ,
1258 4638 1390 4701 aut
1412 4618 1935 4727 aerisinjuriio
1968 4612 2330 4700 obnoxia
2349 4672 2374 4711 ‚
2423 4622 2583 4719 eis,
2635 4622 2775 4727 qui
2805 4616 2888 4699 in
2913 4642 3077 4703 arte
3102 4620 3428 4736 plastica

540 4734 953 4816 versantur
972 4788 1003 4833 ‚
1046 4730 1435 4817 hactenus
1456 4734 1813 4815 innotuit
1834 4794 1861 4836 ,
1898 4730 1927 4834 )
1980 4725 2378 4813 nostrates
2411 4712 2809 4827 ἕως
2849 4753 3164 4821 vocant.-

1622 5225 2506 5389 rtNtss
