4559 6859
1893 788 2975 942 PRAEFaTJa

965 990 1165 1097 ’alia
1203 988 1298 1091 in
1327 985 1474 1091 his
1503 1061 1538 1108 .,
1605 988 1778 1093 alia
1807 988 1902 1091 in
1943 990 2155 1092 aliis
2188 987 2447 1121 globi
2488 988 2763 1117 hujus
2804 990 3255 1121 terraquei
3290 989 3875 1123 regionibuS,

987 1177 1275 1287 prout
1309 1146 1866 1279 fingulorum
1903 1151 2184 1281 genio
2215 1143 2435 1248 esset
2470 1148 3451 1253 convenientiflimum.
3538 1157 3875 1261 Homi-

988 1340 1208 1412 num
1281 1330 1506 1406 vero
1567 1342 1788 1440 pars
1848 1311 2242 1409 maxima
2265 1304 2535 1406 domi
2580 1305 2987 1407 confidit
3021 1305 3265 1411 iners
3296 1390 3329 1437 ‚
3380 1343 3549 1413 nec
3574 1306 3869 1438 trans·

985 1462 1247 1600 gredi
1271 1496 1671 1599 unquam
1703 1465 1983 1570 audet
2013 1460 2449 1595 angustos
2476 1460 2797 1601 patriae
2818 1460 3039 1567 fines
3070 1502 3103 1586 ;

1221 1720 1395 1815 Sua
1435 1698 1774 1839 quisque
1781 1704 2046 1839 piger
2071 1698 2381 1803 littora
2418 1729 2827 1842 tangens,

1221 1860 1695 1995 patrioque
1711 1870 1984 1993 senex
2023 1858 2315 1992 fabius
2369 1864 2469 1963 in
2501 1896 2750 1964 arvo.

985 2099 1276 2205 Unde
1309 2102 1746 2238 perpauci
1773 2100 2015 2224 sunt,
2073 2097 2413 2235 quibus
2444 2135 2553 2201 ea
2588 2102 2987 2233 contigit
3026 2086 3449 2221 felicitas,
3496 2132 3607 2207 ut
3640 2138 3863 2240 pen.

977 2255 1382 2362 lustratis
1424 2258 1969 2391 regionibus
2019 2260 2375 2359 exteris
2402 2340 2431 2384 ,
2493 2260 2907 2395 propriis
2939 2251 3596 2393 conspexerint
3626 2296 3863 2362 ocu-

979 2417 1098 2518 lis
1130 2418 1586 2553 quicquid
1618 2413 2220 2537 Animalium‚
2284 2416 2851 2540 mantal-um,
2900 2412 3471 2521 Mineralium
3494 2422 3597 2521 in
3632 2452 3865 2521 una-

983 2610 1348 2709 quaque
1375 2610 1688 2679 earum
1719 2576 2170 2677 extiterit.
2290 2580 2753 2677 Caeterum
2802 2575 2963 2675 vix
3030 2572 3299 2675 ullam
3333 2572 3563 2677 mihi
3591 2574 3865 2677 dabis

981 2735 1348 2835 utrovis
1408 2736 1505 2835 in
1581 2730 1806 2834 orbe
1862 2759 2216 2867 partem
2279 2732 2525 2834 adeo
2590 2730 2979 2835 sterilem
3039 2756 3313 2862 atque
3380 2732 3863 2857 incultam,

979 2894 1216 3025 quin
1275 2886 1810 3021 hujusmodi
1851 2887 2647 2995 observationibus
2701 2888 2979 3025 poffit
3022 2892 3493 2995 materiam
3526 2890 3663 2991 sat
3694 2924 3869 2991 co-

981 3044 1338 3186 piosam
1419 3046 2052 3185 suppeditare.
2191 3044 2513 3149 Messis
2594 3049 2974 3185 quidem
3030 3042 3373 3180 ubique
3434 3047 3867 3163 locorum

976 3207 1456 3343 perampla
1521 3204 1712 3331 est;
1759 3326 1766 3333 .
1815 3202 1976 3331 fed
2045 3204 2679 3313 desiderantur
2738 3201 3086 3338 passim.
3133 3198 3567 3307 Messores
3605 3285 3638 3330 .,
3708 3209 3867 3339 qui

975 3398 1168 3465 non
1213 3366 1678 3495 patiantur
1729 3365 2009 3466 etiam'
2065 3362 2162 3463 in
2202 3366 2501 3496 patria
2529 3361 2687 3466 sua
2720 3359 3173 3495 ignorari,
3220 3396 3451 3503 quar,
3504 3392 3613 3465 ut
3652 3398 3865 3465 om-

979 3522 1248 3622 nium
1281 3514 1576 3645 oculis
1605 3513 2176 3625 versarentur
2203 3592 2236 3637 .,
2302 3516 2431 3613 ibi
2502 3517 2691 3618 sata
2718 3516 2973 3621 ffier'e
3017 3564 3065 3641 ·,·
3090 3552 3705 3655 :quorumque
3760 3556 3869 3650 a·

971 3677 1200 3813 pud'
1229 3677 1610 3777 extero&
1652 3664 2125 3805 ignoratio
2188 3674 2287 3772 in
2328 3668 2793 3798 causa'fit,
2854 3700 2961 3777 ut
2992 3672 3371 3813 Htstoria
3407 3676 3869 3781 Naturalis

970 3833 1331 3937 diutius
1369 3831 1682 3935 adhuc
1719 3866 2044 3936 manca
2115 3857 2647 3967 permaneat
2684 3834 2783 3932 ἃ
2836 3833 3179 3959 jejuna.
3284 3832 3509 3931 Veri
3558 3870 3671 3935 ac
3714 3828 3859 3933 as-

973 3992 1230 4097 fidei·
1289 3994 1660 4091 Naturae
1719 3988 2418 4120 investigatores
2474 3985 2805 4092 desunt
2852 4015 2959 4089 ut
2982 3987 3479 4123 plurimum
3517 4027 3558 4089 .·
3623 3990 3861 4094 hinc

969 4156 1338 4283 ergo‘ea
1369 4142 1462 4247 se
1485 4176 1680 4251 tam
1715 4130 2186 4282 angustam
2221 4151 2645 4253 continet
2682 4224 2711 4270 ,
2774 4175 2967 4250 tam
3024 4182 3351 4278 aegram
3404 4146 3793 4261 exhibet
3824 4230 3855 4275 ,

969 4336 1160 4412 tam
1191 4338 1688 4411 novercam
1723 4306 2106 4411 simulat.
2213 4306 2652 4429 Accedit,
2716 4304 2983 4440 quod
3015 4305 3138 4408 ad
3165 4342 3361 4440 quae
3384 4302 3856 4411 noscenda

974 4466 1149 4568 iter
1209 4463 1638 4595 ingredi,
1691 4462 2318 4569 transmittere
2342 4468 2633 4565 maria
2676 4458 3147 4587 solemus„
3215 4500 3321 4565 ea
3360 4459 3521 4567 sub
3554 4464 3853 4569 oculis

971 4622 1276 4759 posita
1305 4619 1879 4751 negligimus
1903 4678 1955 4721 2.
2003 4617 2158 4720 seu
2193 4623 2413 4761 quia
2446 4627 2573 4724 ita
2632 4648 2957 4723 natura
2995 4650 3647 4755 comparatum
3684 4620 3851 4747 est,

963 4812 1079 4886 ut
1119 4782 1764 4916 proximorum
1804 4776 2274 4900 incuriosi,
2294 4778 2805 4913 longinqua
2838 4772 3333 4903 sedemur3
3413 4772 3563 4883 seu
3582 4778 3850 4911 quod

957 4941 1732 5039 omniumrerum
1765 4937 2121 5071 cupido
2141 4932 2667 5068 languescit,
2690 4970 2903 5042 cum
2929 4930 3231 5039 facilis
3272 4940 3631 5047 occafio
3652 4934 3849 5053 ‘ests

967 5094 1128 5198 seu
1159 5088 2020 5230 quoddiffe‘rimus·
2055 5124 2499 5229 tanquam
2547 5092 2775 5231 sepe
2841 5091 3113 5199 visuri
3150 5164 3181 5215 -‚
3249 5096 3515 5227 quod
3570 5092 3845 5195 datur

970 5253 1324 5380 videre,
1349 5253 1732 5383 ³quoties
1765 5255 1994 5357 velis
2025 5286 2485 5363 cerneres,
2508 5252 2786 5361 Multi
2821 5246 3169 5355 scilicet
3200 5277 3517 5382 aperta
3542 5241 3843 5353 trans-

960 5441 1236 5534 eunt,
1269 5410 1685 5513 condita
1719 5418 1818 5516 δὲ
1841 5404 2240 5515 abstrusa
2265 5418 2778 5516 rima-ntur·
2796 5414 2961 5519 ἅτ
2992 5432 3205 5509 cum
3244 5401 3513 5509 solita
3558 5407 3659 5510 ὅ(
3696 5394 3857 5507 fa·-

953 5568 1390 5670 miliaria
1399 5566 1704 5670 nobis
1715 5566 2414 5705 perpendenda
2405 5571 2849 5691 veniunt,
2884 5562 3653 5696 magnitudinem
3666 5598 3841 5665 eo·

951 5728 1178 5827 sum
1209 5753 1536 5858 atquc
1579 5724 2311 5831 admirationem
2385 5723 2975 5833 consuetudo
3023 5722 3575 5861 imminuit3
3672 5718 3838 5820 ubi

3610 5909 3839 5977 vero
