4559 6859
1051 535 1328 723 ,κο
2273 524 3103 717 ΡΙδίΕις.

1193 791 1290 872 liu
1336 786 1732 901 rotundis3
1769 794 2080 903 magnis
2109 835 2137 881 ‚
2175 791 2258 868 δε
2298 781 2927 899 splendentibuss
2968 785 3205 891 capite
3238 781 3409 888 offic
3428 838 3457 879 ‚
3500 806 3665 867 non
3698 785 3907 891 laevi,
3935 784 4077 873 sed

1193 902 1488 988 caelato
1507 968 1534 1003 ,
1593 898 2194 1015 quadrangulari
2219 896 2385 984 fere
2400 894 2656 1011 figura
2674 954 2705 996 ‚
2760 895 3197 1007 posteriore
3219 915 3445 1003 parte
3480 893 3792 1011 duobus
3830 904 4069 985 acule-

1193 1015 1258 1094 is
1280 1022 1594 1125 magnis
1617 1018 1697 1099 &
1725 1012 2264 1097 robustiflimis
2281 1008 2381 1091 ad
2411 1006 2744 1093 caudam
2780 1002 3304 1117 spectantibus
3324 1006 3664 1093 afmato.
3716 1014 4073 1098 Branchi.

1195 1148 1282 1203 as
1326 1132 1704 1238 utrinque
1750 1147 2158 1238 quaternas
2185 1172 2210 1214 2
2267 1118 2489 1205 offeo
2514 1124 2900 1233 operculo
2949 1120 3037 1197 in
3068 1114 3455 1229 longum,
3512 1118 3935 1203 robustum
3988 1134 4073 1210 ὃς

1189 1234 1712 1320 acutiffimnm
1751 1238 2107 1321 aculeum
2149 1232 2556 1341 defluente
2592 1234 2991 1315 contectas
3037 1222 3323 1333 habet3
3378 1254 3635 1348 prope
3655 1258 3845 1343 quas
3866 1236 4075 1326 binae

1189 1342 1675 1458 funtpinnae‚
1732 1353 2107 1460 utrinque
2134 1344 2438 1428 icilicet
2462 1370 2624 1425 una
2652 1390 2676 1432 2
2732 1334 3529 1452 Hirundinisinstar,
3581 1340 4069 1458 longiffimae

1191 1459 1272 1541 δε
1291 1457 1668 1544 latissimae
1703 1515 1728 1555 ‚
1845 1458 2072 1557 nibus
2092 1459 2340 1540 volat.
2462 1455 2651 1541 Aliis
2672 1454 2939 1567 pinnis
2960 1475 3140 1533 cum
3166 1452 3616 1569 Hirundine
3636 1463 4024 1543 convenit
4047 1524 4074 1563 ,

1195 1588 1282 1649 ut
1311 1578 1392 1651 &
1416 1568 1698 1651 cauda.
1865 1590 2036 1681 rpus
2061 1569 2507 1679 oblongum
2533 1569 2645 1649 est
2688 1576 2768 1645 &
2800 1558 3264 1659 rotundum.
3390 1578 3735 1676 squamis
3754 1564 3970 1653 oiseis
3994 1584 4073 1661 δι

1187 1680 1798 1794 triangularibus
1822 1741 1847 1780 ,
1907 1688 2123 1763 inter
2151 1678 2230 1760 se
2256 1686 2747 1789 Serpentium
2760 1701 2988 1762 more
3012 1667 3441 1758 commiffis
3462 1688 3845 1765 munitur.
3880 1690 4079 1771 Ven..

1187 1806 1307 1872 tre
1334 1810 1450 1877 eit
1465 1790 1864 1875 subalbido
1891 1852 1916 1889 ‚
1976 1795 2233 1903 capite
2277 1798 2353 1875 &
2401 1789 2787 1872 lateribus
2806 1783 3231 1877 rubrum-is,
3288 1781 3496 1895 dorsb
3523 1816 3627 1873 ex
3656 1794 3911 1875 rubro
3952 1806 4077 1882 ni.

1129 1900 1146 1907 ’
1191 1902 1587 2015 gricante.
1697 1903 2026 1988 Mac-lis
2046 1902 2353 2013 insuper
2383 1929 2481 1984 ex
2528 1902 2865 1986 caeruleo
2905 1900 3343 1981 virentibus
3371 1898 3693 1984 dorsum
3728 1912 3799 1991 δι
3844 1930 4083 2019 gran.

1188 2018 1459 2099 diores
1500 2018 1763 2127 pinnae
1812 2013 2374 2130 infigniuntur.
2486 2015 2793 2127 Lingua
2838 2016 3073 2121 ignea
3133 2012 3456 2120 (inquit
3478 2016 3753 2119 Ptin.)
3794 2042 3946 2127 per
3992 2050 4083 2115 os

1190 2144 1464 2208 exerta
1489 2127 1924 2241 tranquillis
1943 2124 2316 2209 noctibus
2358 2124 2684 2214 relucet.
2744 2125 3242 2209 reatui-ultan
3264 2120 3504 2207 habet
3530 2121 4027 2217 mediocrem
4051 2202 4077 2240 ‚

1186 2237 1460 2323 multis
1507 2250 1904 2324 munitum
1967 2235 2571 2349 appendicibus:
2636 2230 2919 2342 Hepar
2934 2234 3319 2351 pallidum
3350 2286 3379 2327 ‚
3430 2244 3562 2318 cui
3584 2234 3789 2321 fellis
3816 2242 4081 2331 vesica

1191 2350 1598 2436 commiffa
1621 2356 1734 2437 est
1765 2382 1788 2428 z
1851 2348 2156 2438 Lienem
2196 2348 2637 2460 oblongum
2680 2348 2760 2429 &
2782 2346 3238 2431 subrubrum
3260 2374 3289 2425 .-
3342 2356 3670 2436 vternm
3714 2352 4084 2440 rubenti·

1187 2460 1332 2545 bus
1356 2468 1530 2545 ovis
1547 2460 1961 2549 refertum.
2079 2464 2325 2543 Piscis
2351 2464 2467 2543 est
2490 2458 2906 2564 carnivora:
2928 2518 2987 2565 ,.
3011 2456 3449 2568 &gregaliq
3478 2462 3783 2572 quippe
3800 2492 3957 2578 per
3972 2472 4084 2553 al.

1186 2590 1362 2659 tum
1385 2600 1604 2658 mare
1628 2602 1758 2677 rna
1819 2602 1931 2659 no
1951 2573 2274 2685 agmine
2320 2568 2675 2654 volantes
2694 2566 2836 2649 vili
2890 2568 3102 2651 sunt.
3185 2572 3553 2679 Ingratus
3598 2574 3883 2682 palato
3906 2584 4080 2667 exi.

1184 2686 1597 2771 stimatur:
1655 2690 1688 2770 ί
1837 2684 2186 2797 spectatu
2223 2680 2625 2770 mirabilis.
2682 2685 2767 2764 Si
2828 2678 3369 2765 comedendus
3416 2681 3512 2767 fit
3536 2736 3567 2779 ‚
3618 2685 3905 2772 elixati
3946 2692 4079 2781 de·

1184 2793 1356 2885 bet.
1411 2799 1761 2885 salvian.
1833 2832 1838 2840 ·
2361 2861 2370 2869 ·

1301 2914 1346 2991 Ι
1371 2918 1476 3001 V.
1530 2914 1611 3000 C
1635 2940 1687 2995 u
1715 2944 1762 2995 c
1792 2940 1840 2995 u
1870 2940 1916 2999 1.
1945 2934 1998 2995 u
2021 2932 2058 2995 s
2115 2917 2461 2997 marinus
2484 2968 2514 3011 ‚
2579 2909 2880 3029 κόκκυξ
2900 2967 2925 3007 ,
2978 2907 3231 2993 Gallis
3269 2912 3611 3002 Morraede
3660 2910 3708 3026 (
3744 2909 3847 2994 ab
3902 2942 4028 3004 ore
4046 2930 4084 3023 ,'

1185 3028 1372 3139 quia
1409 3058 1646 3120 mort-e
1680 3050 1971 3117 vocant
2003 3059 2096 3113 os
2153 3054 2345 3114 cum
2384 3029 3026 3138 prominentibus
3076 3033 3352 3117 labris:
3396 3017 3423 3135 )
3500 3036 4076 3145 Neapolitanis

1186 3147 1441 3226 Graeci
1527 3150 1878 3231 nominis
1922 3145 2257 3255 vestigia
2298 3140 2785 3225 servantibus
2808 3204 2836 3245 ‚
2868 3148 3293 3241 -concchou3
3346 3150 3599 3229 Danis
3645 3148 3805 3255 Kar
3832 3212 3857 3249 ,
3931 3161 4000 3248 (⁹
4020 3142 4074 3231 :l

1181 3258 1362 3339 Sam
1396 3276 1636 3367 quem
1675 3256 1944 3369 pinnis
1985 3252 2525 3365 longioribus,
2598 3250 2791 3334 dum
2832 3257 3150 3365 capitur
3179 3278 3317 3339 aut
3334 3252 3697 3351 laeditur,
3753 3258 3941 3343 edit'
3967 3289 3991 3338 ε
4024 3265 4075 3360 )

1180 3366 1653 3454 nostratibus
1699 3370 1810 3463 the
1827 3384 1998 3466 §tat
2013 3366 2361 3448 &intuatu-
2412 3376 2459 3473 (
2484 3362 2547 3454 ὲ·-
2586 3365 2880 3452 Gallie.
2972 3372 3402 3454 Gaurum
3456 3366 3673 3479 quod
3719 3371 4073 3487 ambigit

1048 3573 1052 3577 Ι
1181 3470 1493 3583 dostiss.
1550 3484 1812 3566 noster
1831 3482 2250 3591 Skinnerue
2268 3529 2296 3573 ,
2350 3507 2453 3563 an
2474 3476 2868 3564 deducere
2888 3474 3196 3593 liceata
3230 3478 3402 3564 Lat.
3459 3479 3844 3567 camalam
3862 3542 3895 3585 ,
3917 3492 4083 3568 cor..

1181 3588 1494 3676 acutum
1519 3654 1545 3693 ,
1607 3595 1880 3675 cornu:
1937 3588 2579 3703 quandoquidem
2595 3586 2825 3699 piscis
2846 3588 2970 3672 his
2984 3593 3362 3677 camisalia
3378 3593 3594 3705 quali
3617 3615 4000 3683 armatur.
4024 3602 4072 3697 )

1179 3697 1406 3783 Toto
1423 3724 1771 3811 corpore
1768 3696 2031 3815 glaber
2050 3715 2375 3811 apparet
2396 3762 2421 3801 ‚
2478 3703 2845 3807 quamvis
2884 3699 3217 3811 quidam
3267 3697 3789 3815 minutiffimis
3831 3704 4070 3820 squa-

1187 3813 1410 3901 mulis
1453 3810 1554 3895 ad
1576 3817 1830 3925 latera
1843 3810 2261 3923 praeditnm
2286 3816 2599 3923 putent.
2656 3818 2928 3917 Capite
2953 3808 3069 3893 est
3088 3838 3443 3921 magn03
3480 3810 3763 3913 osseo,
3820 3818 4069 3901 caela·

1177 3942 1272 4009 to
1299 3985 1325 4023 ,
1373 3924 1820 4040 anguloso,
1875 3920 2337 4035 quibusdam
2378 3925 2470 4002 in
2509 3922 2701 4004 locis
2740 3920 3010 4005 acute&
3050 3930 3392 4005 munito,
3508 3928 3739 4014 Nam
3782 3948 4073 4036 praeter

1178 4034 1296 4149 id,
1317 4038 1544 4150 quod
1568 4036 1860 4145 rostrum
1893 4041 1982 4116 in
2007 4032 2210 4117 duos
2245 4038 2471 4117 arcus
2487 4028 3063 4119 semicirculum
3101 4034 3665 4121 constituentes
3690 4046 4077 4124 termine-

1178 4170 1310 4232 tur
1341 4208 1370 4250 ,
1423 4147 1648 4261 super
1671 4168 2099 4259 utrumque
2149 4144 2472 4229 oculum
2496 4199 2526 4246 ,
2575 4140 2969 4257 supercilii
2988 4150 3175 4229 loco
3194 4212 3220 4251 ,
3276 4141 3438 4228 duo
3492 4144 3909 4235 acutiffimi
3932 4176 4075 4235 ex·-

1176 4279 1344 4343 tant
1359 4264 1660 4353 aculeis
1714 4256 2094 4374 posterior
2153 4262 2439 4366 capitis
2474 4280 2647 4365 pars
2698 4256 3003 4343 duobus
3028 4257 3567 4346 consimilibus
3590 4259 3867 4347 horret
3888 4292 3920 4357 3
3970 4290 4058 4346 u-

1176 4390 1556 4485 trumque
1577 4370 2116 4456 branchiarum
2142 4367 2615 4484 operculum
2639 4372 2831 4453 item
2852 4415 2880 4464 ‚
2914 4364 3093 4452 sed.
3114 4372 3468 4487 longiori
3486 4391 3847 4455 armatur
3868 4410 3897 4461 3
3926 4372 4071 4457 sta·

1175 4489 1486 4592 timque
1511 4481 1560 4567 a
1584 4485 1963 4568 branchiis
2011 4486 2202 4567 alius
2240 4485 2603 4564 omnium
2622 4478 3103 4589 longissimus
3120 4534 3173 4585 ,-
3202 4490 3581 4592 utrinque
3600 4491 4009 4591 prominet
4030 4514 4066 4568 .-

1172 4595 1566 4707 aliquibus
1602 4593 1952 4711 alioquin
1997 4597 2287 4703 capitis
2338 4589 3117 4701 partibusargentum
3157 4595 3598 4679 aemulatur.
3718 4595 3813 4678 In
3833 4618 4065 4681 utro·

1169 4732 1327 4821 que
1357 4707 1660 4793 laterea
1694 4708 2082 4791 branchiis
2109 4772 2135 4807 ‚
2191 4700 2333 4784 sub
2391 4705 2694 4816 majore
2714 4703 2863 4785 illo
2880 4706 3159 4785 aculeo
3181 4751 3208 4795 ,
3239 4716 3483 4817 pinna
3503 4704 3617 4789 est
3646 4700 4066 4817 subrubra,⁸

1167 4824 2260 5017 ffiissssssssoeritffijuffitgffhnss
2281 4818 2675 5038 &2¹35ss
2690 4814 2956 5009 iffi?
2972 4818 4057 5043 5333‘1’52‘32?‘¹0¹22?‘d2³3,233

1170 5044 1402 5131 dent.
1461 5059 1528 5134 A
1552 5048 1808 5158 capite
1833 5069 1976 5155 per
2019 5035 2353 5123 dorsum
2376 5105 2402 5140 ‚
2426 5124 2433 5131 ,
2456 5032 2627 5120 fere
2650 5034 2752 5120 ad
2772 5030 3103 5124 caudam
3124 5042 3370 5152 nique
3400 5108 3430 5155 ,
3484 5038 3645 5126 duo
3705 5039 4056 5128 acutiffi-

1167 5182 1488 5241 morum
1541 5159 1996 5241 aculeorum
2039 5153 2353 5238 ordines
2394 5142 2904 5245 deducuntur
2927 5183 2961 5238 3
2984 5158 3096 5235 .in
3148 5177 3504 5262 quorum
3558 5156 3830 5241 medio
3866 5160 4053 5241 duae

1167 5267 1445 5379 pinnae
1481 5269 2074 5378 conspiciuntur
2111 5325 2141 5372 ,
2189 5288 2347 5344 una
2388 5265 2632 5373 capiti
2678 5270 3052 5374 proxima
3074 5332 3099 5369 ‚
3159 5264 3481 5350 brevior
3509 5331 3533 5366 ,
3594 5265 3724 5350 sed
3763 5266 4004 5349 latior
4022 5302 4057 5361 ς

1163 5382 1411 5465 altera
1437 5383 1804 5491 longior,
1857 5378 1992 5465 sed
2013 5372 2389 5464 striuior.
2454 5379 2722 5463 Ventre
2752 5372 2867 5458 est
2885 5379 3145 5490 plano
3172 5380 3255 5457 Sc
3292 5373 3635 5461 candido
3656 5406 3681 5453 z
3743 5376 4055 5460 orifici-

1161 5522 1295 5583 um
1314 5511 2020 5579 excrementorum
2071 5497 2152 5573 in
2174 5483 2450 5573 medio
2476 5509 2763 5571 ventre
2780 5486 2947 5588 est.;
2996 5487 3049 5573 a
3150 5514 3257 5571 uo
3304 5490 3454 5571 alia
3483 5508 3761 5573 exorta
3812 5494 4056 5599 pinna

1156 5604 1331 5693 fere
1350 5606 1454 5695 ad
1479 5598 1803 5691 caudam
1820 5598 2061 5719 usqne
2081 5602 2459 5687 excurrit.
2518 5608 2815 5712 Capite
2846 5650 2875 5697 ,
2930 5594 3081 5684 dor
3116 5626 3170 5681 ο
3190 5640 3221 5701 ·,
3270 5598 3659 5688 lateribus
3681 5610 3754 5689 δε
3785 5604 4055 5795 pigeatis

3630 5767 3635 5781 ·
3781 5740 3869 5799 ru
4021 5755 4051 5803 5

4372 2100 4381 2457 Ι

4372 3274 4381 3433 4

4232 3832 4237 3841 .
4374 3434 4383 3905 l
