4559 6859
1158 546 1285 679 78
2050 528 2550 651 Plumarum
2591 539 2963 673 Colores.

1146 716 1410 807 versus
1431 712 1819 840 recedere..
1938 712 2071 795 Ad
2096 712 2556 799 solvendum
2578 698 2843 824 itaque
2869 706 3084 796 hunc
3121 702 3424 838 nodum
3451 779 3476 815 ,
3522 695 3710 825 quid
3737 726 3983 838 ampli·

1152 859 1288 934 '¹⁵’
1342 829 1947 1024 quigffiffffs,
1967 820 3263 1047 2³m15223⁶“3i‘{5}2‘1¹n¹'¹²¹122¹295ffi‘3
3282 828 3744 1023 ‘ifflzi
3851 944 3865 957 ·

1153 968 1421 1143 locitcgn
1442 1050 1585 1137 fibi
1612 964 2378 1162 vengd'tc’anguoq’ue
2404 1054 2494 1129 iu
2515 960 2886 1161 catalpogo
2913 960 3230 1160 Epigh}
3241 958 3370 1135 tgr
3397 1055 3440 1150 )
3496 966 3992 1137 inadtarffltulrg

1156 1164 1469 1255 indulsit
1494 1164 1995 1276 privilegium
2022 1220 2057 1265 ‚
2108 1182 2197 1242 ut
2246 1157 2804 1268 pulcherrimis
2849 1157 3012 1242 istis
3049 1158 3458 1244 coloribus
3497 1180 3658 1243 tam
3683 1169 3984 1248 venuste

1160 1280 1787 1366 illustrarentur?
1849 1278 2144 1356 Dicam
2184 1298 2229 1353 e
2297 1269 2563 1353 uidem
2603 1271 2846 1356 libere
2873 1337 2895 1369 ‚
2951 1268 3082 1353 sed
3110 1269 3584 1356 Laconismo
3609 1278 3825 1359 fimul
3865 1276 3999 1360 stu·

1162 1386 1361 1475 dens
1385 1454 1412 1495 ,
1460 1384 1649 1499 quid
1672 1378 1769 1466 ab
1791 1378 2080 1469 eodem
2097 1409 2238 1493 per
2275 1380 2757 1494 picaciffimo
2799 1384 3137 1498 Gliffonio
3162 1379 3260 1462 de
3286 1382 3437 1471 hoc
3461 1390 3882 1498 aenigmate
3899 1390 4002 1471 di·

1161 1501 1519 1588 dicerim.
1580 1498 1875 1580 Avium
1925 1496 2215 1603 plumae
2240 1554 2272 1597 ,
2324 1520 2506 1575 cum
2535 1492 2678 1577 suis
2701 1504 2984 1604 pennis
3007 1505 3081 1581 &
3107 1495 3449 1578 caulibus
3473 1556 3498 1594 ‚
3553 1523 3750 1610 quos
3772 1502 4002 1593 utrin-

1166 1604 4014 1827 ‘131232302111333532213332393323252uvisszzv‘z‘ssssszifflssgez

1162 1754 1711 1954 {anizatione⁹
1763 1852 1855 1913 ut
1876 1832 2021 1943 pili
2061 1896 2087 1933 ,
2141 1848 2594 1928 contentae3
2649 1830 2918 1943 longe.
2939 1778 3294 1917 subtilius
3319 1840 3410 1917 δι·
3437 1753 3842 1946 οΡςτοἾίιιε
3893 1861 4016 1917 na·

1168 1976 1375 2035 turae
1398 1940 1825 2031 artificium
1852 2010 1877 2046 ,
1935 1948 2015 2023 &
2040 1941 2143 2025 ad
2163 1937 2908 2025 conformationem
2931 1992 2958 2036 ‚
3009 1948 3088 2029 &
3111 1944 3214 2027 ad
3245 1946 3763 2029 nutritionem
3817 1945 4014 2029 suam

1085 2106 1091 2119 ·
1173 2065 1617 2172 requirunt.
1736 2054 1966 2135 Succi
1988 2054 2207 2135 enim
2230 2077 2399 2159 quo
2426 2054 2829 2138 exornatae
2853 2052 3396 2164 ipeciofiffimi's
3413 2054 3626 2141 hisce
3645 2056 4022 2147 coloribus

1170 2174 1463 2372 plumae
1484 2171 1839 2269 aluntur,
1900 2165 2358 2278 priulquam
2385 2163 2489 2247 ad
2514 2162 2720 2276 ipsas
2759 2176 3226 2291 perveniant
3253 2168 3599 2280 plumas,
3657 2161 4022 2255 neccffum
4185 2256 4190 2263 ‚

1226 2288 1467 2375 abent
1494 2342 1519 2387 ,
1572 2276 1733 2362 five
1758 2304 1887 2391 per
1920 2304 2163 2363 cornu
2185 2300 2470 2389 pennae
2493 2341 2522 2387 ,
2579 2272 2736 2383 five
2759 2304 2894 2388 per
2945 2273 3296 2389 ejusdem
3346 2275 3776 2365 medullam
3799 2340 3822 2376 ‚
3893 2277 4030 2361 five

1170 2426 1313 2511 per
1344 2418 1763 2503 utrumque
1791 2389 2240 2504 percolari:
2308 2390 2462 2470 alia
2483 2413 2830 2500 namque
2853 2395 2970 2477 'via
3001 2456 3026 2491 ,
3089 2416 3252 2501 qua
3268 2400 3856 2475 nutrimentum
3899 2392 4030 2475 iuis

1170 2510 1593 2597 afferatur,
1647 2508 2053 2584 iuvenitur
2076 2498 2306 2581 nulla.
2371 2499 2598 2583 Haud
2621 2510 2914 2585 mirum
2940 2506 3245 2614 igitur,
3303 2500 3359 2583 fi
3385 2504 3563 2613 post
3605 2523 3780 2585 tam
3832 2526 4030 2585 accu-

1178 2643 1435 2705 ratam
1470 2638 1803 2725 tamque
1848 2613 2265 2726 operoiam
2333 2610 2773 2720 colaturam
2800 2674 2826 2709 ,
2883 2614 3167 2722 plumae
3221 2620 3638 2723 variegatis
3683 2608 4032 2697 nitidiffi·
4095 2610 4100 2615 ’

1173 2729 1484 2841 misque
1510 2726 1913 2810 coloribus
1936 2724 2424 2807 imbuantur.
2489 2726 2710 2810 Nam
2729 2722 3387 2835 quemadmodum
3423 2731 3656 2811 flores
3679 2789 3701 2823 ,
3741 2725 3854 2809 ob
3879 2728 4038 2809 stri-

998 2908 1003 2913 .
1174 2850 1500 2933 &iorem
1526 2837 1961 2923 colaturam
1981 2860 2123 2947 per
2138 2852 2584 2919 extremum
2618 2839 2848 2921 caulis
2865 2832 3166 2919 nodum
3191 2900 3216 2936 ,
3237 2835 3668 2951 multiplici
3695 2836 4040 2920 colorum

1173 2958 1554 3040 varietate
1595 2970 1834 3059 atque
1852 2948 2248 3057 elegantia
2268 2942 2687 3027 herbaceae
2729 2966 2980 3060 partes
3019 2946 3466 3034 excellunt:
3527 2952 3748 3034 ita&
3771 2948 4044 3059 plumae

1176 3074 1675 3181 (pennarum
1724 3051 2317 3173 quodammodo
2367 3057 2652 3164 flores)
2710 3086 2851 3171 per
2900 3054 3428 3145 denliffimum
3471 3054 3684 3174 quafi
3721 3061 4049 3143 cribrum

1174 3182 1523 3292 traj06lae
1550 3244 1575 3280 ,
1634 3172 1845 3284 pilos
1862 3173 2084 3260 omni
2129 3170 2532 3255 varietatis
2573 3194 2666 3251 ac
2707 3167 3134 3254 venustatis
3191 3194 3492 3282 genere
3547 3172 4050 3257 antecellunt.

1178 3295 1287 3381 Et
1308 3309 1401 3374 ut
1419 3286 1521 3371 de
1558 3286 1859 3369 florum
1888 3280 2307 3366 coloribus
2325 3284 2470 3363 vix
2501 3300 2856 3366 accurata
2882 3280 3090 3367 ratio
3132 3286 3218 3365 in
3257 3302 3476 3367 tanta
3499 3308 3782 3370 eorum
3823 3283 4056 3365 varie·

1176 3425 1345 3489 tate
1366 3400 1625 3514 potest
1650 3397 2050 3509 expestari
2078 3424 2109 3473 .·
2162 3396 2277 3474 ita
2300 3417 2562 3507 neque
2585 3388 3100 3479 decoloribus
3137 3393 3223 3507 pl
3233 3421 3584 3481 umatum
3615 3392 4054 3503 speranda3

1180 3516 1334 3601 nifi
1350 3522 1656 3595 vitrum
1697 3506 2269 3618 micros'copicum
2291 3503 2392 3588 ad
2417 3502 2616 3589 visus
2637 3509 3016 3591 auxilium
3060 3511 3148 3588 in
3170 3501 3492 3622 lingulis
3519 3508 4066 3613 contemplan-

1184 3628 1311 3713 dis
1328 3626 1791 3711 advocetur.
1854 3617 2111 3729 Hujus
2140 3618 2368 3699 enim
2384 3638 2538 3723 ope
2567 3615 2738 3705 fieri
2765 3615 3090 3705 forfitan
3116 3620 3383 3731 potest
3411 3676 3436 3716 ,
3497 3638 3587 3702 ut
3614 3626 3855 3703 variae
3957 3617 4061 3699 lu-

1184 3762 1501 3824 matum
1520 3749 2025 3817 contexturae
2052 3750 2148 3809 ac
2178 3720 2724 3809 Schematismi
2751 3728 2998 3811 oculo
3018 3728 3499 3829 <meamea
3535 3737 3860 3813 interno
3893 3756 4064 3811 can·

1184 3872 1323 3936 tur
1353 3918 1380 3957 ,
1432 3865 1523 3929 ut
1546 3840 1735 3928 inde
1756 3840 2095 3927 demum
2120 3840 2476 3918 certiore
2499 3845 2840 3951 augurio
2875 3834 3246 3924 divinare
3263 3845 3501 3924 liceat
3529 3836 3854 4033 gufflqpa
3877 3867 4066 3925 con·.

1184 3983 1497 4049 textura
1524 3953 1669 4039 iste
1694 3958 1923 4042 color
1955 3951 2089 4034 vel
2110 3948 2255 4033 ille
2273 3946 2690 4060 speciatim
2712 3970 3082 4064 emergat
3099 3946 3726 4063 dependeatque.
3779 3950 3835 4034 d
3860 3954 4068 4065 quod

1186 4074 1532 4169 Hookim·
1563 4070 1830 4151 noster
1854 4134 1882 4168 ,
1932 4056 2404 4145 subtiliffimi
2430 4065 2876 4173 viringenii
2898 4126 2926 4162 ,
2976 4057 3345 4173 idemque
3393 4058 3718 4175 insignis
3768 4054 4068 4152 Mathe.

1188 4194 1526 4277 maticus
1549 4177 1923 4289 praestare
1962 4165 2358 4287 aggteffus
2394 4172 2546 4275 est,
2569 4175 2657 4253 in
2701 4169 2835 4255 sua
2873 4171 3438 4286 Micrograepbia
3457 4195 3634 4257 ante
3667 4173 4077 4263 decenium

1188 4308 1280 4387 in
1295 4300 1560 4384 lucem
1592 4290 1869 4376 emiss'a
1909 4319 1931 4367 ε
2000 4312 2167 4398 quo
2190 4283 2570 4369 lectorem
2589 4282 2816 4395 plura
2839 4282 2939 4368 de
2957 4284 3324 4370 colorum
3347 4292 3440 4369 in
3488 4284 3778 4399 plumis
3831 4297 4074 4373 varie-

1190 4426 1358 4499 tate
1397 4407 1683 4490 relcire
1712 4392 2392 4486 avidumcandide
2415 4400 2744 4480 remitto
2773 4434 2801 4492 ς
2851 4392 3012 4509 ipse
3053 4399 3213 4503 jam
3232 4400 3561 4484 tandem
3579 4398 3844 4514 longo
3895 4402 4078 4483 icri-

1192 4519 1443 4612 bendi
1465 4516 1747 4599 labore
1769 4508 2281 4623 defiatigatus.
2339 4513 2623 4595 Liceat
2645 4514 2916 4639 itaque
2935 4508 3132 4594 mihi
3158 4558 3188 4603 ‚
3233 4506 3526 4619 abjefio
3545 4514 3626 4593 in
3663 4510 4078 4621 praesentia

1191 4640 1502 4728 calamo
1534 4674 1563 4722 ‚
1616 4621 2087 4740 aliquandiu
2106 4616 2486 4733 respirare
2511 4618 2556 4703 a
2577 4619 2848 4708 studiis
2871 4684 2898 4727 ,
2953 4628 3287 4739 otioque
3308 4620 3731 4712 moderato
3777 4627 4076 4738 ingenii

1195 4756 1553 4862 vigorem
1574 4760 1987 4823 revocare.
2025 4739 2105 4840 ἵ
2603 4778 2630 4803 ‚,
3635 4733 3643 4749 ‘
3867 4766 3874 4777 ·

2285 5142 2949 5327 Ftha
3101 5332 3248 5377 ἶ,
