4559 6859
1186 680 1314 785 28
2132 664 2213 769 F
2296 666 2360 770 O
2444 666 2511 765 S
2595 668 2662 763 S
2739 663 2800 763 I
2862 666 2929 765 Ι.
3012 663 3072 765 Ι
3140 668 3252 765 A.

1185 870 1352 941 tem
1396 872 1818 970 vergente,
1870 846 2225 937 friabilis.
2342 842 2582 925 Olim
2619 871 2724 927 ex
2755 842 3134 929 Armenia
3177 838 3677 927 deferebatur
3703 838 3940 1033 vam
3967 870 4104 925 ve·-

1184 996 1283 1050 ro
1308 970 1393 1049 in
1432 972 1687 1051 ¹variis
1730 968 2128 1048 Germanic
2176 959 2374 1042 locis
2412 958 2816 1065 reperitur,
2871 966 3064 1041 utin
3117 960 3514 1037 comitatu
3550 949 3737 1067 Tyro
3770 955 3948 1067 ensi,
4011 985 4100 1037 a-

1180 1078 1455 1191 liisque
1494 1109 1577 1162 ar
1634 1083 1803 1160 enti
1844 1074 2159 1160 fodinis,
2272 1074 2500 1151 Inter
2545 1069 2860 1155 Medicas
2875 1065 3480 1190 commendatur
3513 1067 3606 1147 ad
3631 1062 3950 1151 eosdem
3978 1066 4101 1151 af-

1184 1186 1463 1281 ἱεᾶιιε,
1524 1106 1633 1274 εξ
1666 1214 1871 1306 quos
1920 1183 2206 1301 Laygeli
2236 1182 2436 1292 lapis
2463 1214 2498 1265 ‚-
2552 1178 2926 1265 humores
2967 1176 3264 1263 scilicet
3305 1177 3940 1267 Melancholicos
3957 1207 4096 1293 pet

1194 1311 1597 1387 vomitum
1649 1311 1729 1384 &
1771 1299 2137 1384 seceffum
2190 1288 2660 1377 educendos:

1294 1422 1487 1505 VHz
1544 1410 1615 1493 L
1644 1446 1693 1491 A
1736 1444 1780 1495 r<
1826 1446 1854 1498 1
1889 1440 1923 1491 s
1979 1412 2047 1495 L
2082 1441 2115 1489 1
2147 1438 2186 1488 ι»
2228 1437 2261 1487 1
2293 1432 2356 1499 s,
2407 1406 2652 1509 cujus,
2697 1400 2915 1517 quod
2933 1401 3208 1503 sciam,
3237 1407 3532 1511 primus
3551 1401 3916 1483 meminit
3938 1418 4104 1485 Za-

1186 1542 1407 1607 cutus
1484 1522 1935 1639 Lufitaenue,
2000 1519 2187 1607 Lib.
2253 1546 2326 1603 1.
2370 1512 2776 1623 Observat-
2849 1520 2979 1624 83.
3091 1510 3492 1597 Colorem
3537 1510 3782 1593 habet
3838 1541 4106 1599 coeru·

1187 1634 1403 1719 leum
1476 1636 2013 1747 Saphirinnm,
2067 1658 2255 1715 cum
2314 1626 2888 1736 transparentia
2935 1623 3308 1737 quadam.
3423 1624 3894 1709 Duriflimus
3930 1627 4106 1737 est,

1186 1743 1317 1826 sed
1368 1754 1451 1829 in
1476 1756 1787 1830 minuta
1838 1742 2175 1831 finditur
2220 1736 2691 1852 fragmenta.
2809 1743 3068 1823 Gustu
3104 1744 3220 1819 ita
3249 1743 3542 1823 acris&
3577 1735 3944 1835 mordax,
3989 1760 4106 1851 ut,

1186 1853 1244 1938 fi
1282 1860 1679 1943 tantillum
1743 1860 1970 1961 juxta
1996 1857 2350 1961 linguam
2399 1871 2884 1962 apponatur,
2941 1856 3294 1935 excitato
3337 1850 3622 1932 ardore
3663 1875 3843 1933 eam
3893 1856 4108 1937 exul·

1186 1992 1432 2055 ceret.
1549 1966 1911 2050 Affertur
1956 1967 2001 2047 ὲ
2032 1964 2294 2048 multis
2348 1966 2844 2047 mercimonii
2867 1958 3116 2045 'causa
3200 1986 3298 2046 ex
3361 1962 3591 2045 Novi
3631 1962 3856 2052 orbis
3913 1988 4132 2074 pro·.

1187 2086 1485 2183 vincia,
1546 2074 1839 2193 Pontose
1884 2078 2143 2173 dicta,
2201 2086 2276 2162 ὃ(
2336 2080 2656 2162 civitate
2690 2074 2898 2179 Lepi·
2959 2068 3222 2179 (unde
3239 2101 3524 2160 nomen
3561 2068 3888 2157 sortitus
3921 2073 4108 2183 est)

1190 2215 1499 2275 vocata.
1618 2191 2011 2275 Venditur
2033 2193 2115 2274 in
2138 2189 2464 2289 taleolas
2486 2188 2897 2295 redactum
2955 2194 3066 2268 ita
3089 2208 3201 2282 ut,
3257 2183 3310 2267 fi
3360 2179 4106 2297 eumalonginquo

1188 2300 1512 2410 videris,
1566 2328 1849 2413 parum
1893 2300 2171 2383 distare
2216 2296 2263 2383 d
2303 2322 2568 2387 merce
2609 2300 2774 2408 illa,
2853 2294 3487 2404 quamLufitani
3541 2294 3722 2389 Anil
3761 2317 4100 2399 vocant,

1188 2414 1453 2525 Belgae
1506 2438 1707 2497 vero
1752 2416 2033 2516 Ξιωίσπ,
2076 2415 2532 2517 arbitreris,
2591 2406 2736 2495 nifi
2789 2408 3008 2518 qnod
3053 2412 3272 2519 Lipie
3291 2412 3578 2492 clarum
3623 2416 3700 2491 &
3759 2410 4106 2519 transpa-

1188 2546 1495 2609 rentem
1526 2524 1856 2608 sortitur
1882 2528 2268 2611 colorem3
2301 2530 2558 2629 Ξιωίςο
2597 2546 2798 2611 vero
2831 2520 3407 2633 aliquantulum
3453 2516 3914 2610 obscurum.
3969 2524 4108 2607 ln-

1189 2652 1316 2715 ter
1369 2638 1663 2721 auxilia
1698 2635 2226 2737 celeberrima,
2285 2661 2468 2742 quae
2521 2634 2621 2717 ad
2667 2634 2936 2715 ulcera
2983 2632 3378 2715 virulenta
3435 2642 3510 2719 δι
3542 2627 4050 2738 depascentia
4079 2690 4108 2734 ,

1184 2744 1625 2853 praesertim
1666 2747 2000 2859 Gallica,
2054 2739 2526 2839 coercenda,
2605 2770 3044 2856 eorumque
3081 2745 3650 2855 putrilaginem
3701 2740 4113 2825 absumen-

1187 2851 1374 2941 dam
1432 2856 1891 2941 utiliasunt
1918 2919 1945 2955 ,
2034 2857 2165 2941 hic
2215 2858 2448 2970 Lapis
2494 2856 2816 2939 obtinet
2883 2859 3440 2967 principatum.
3555 2856 3778 2947 Nam
3827 2856 3962 2957 ina
4021 2862 4108 2936 vi

1184 2970 1529 3052 caustica
1562 2994 1845 3052 eorum
1892 2970 2280 3055 malitiam
2327 2974 2410 3048 δε
2447 2971 3038 3080 malignitatem
3088 2966 3482 3051 infraenat.
3907 3004 3944 3035 ·-

1292 3084 1513 3180 Vill.
1576 3086 1801 3164 ΕΑ»
1846 3106 1945 3165 rs
1994 3090 2460 3170 Coniunx.
2500 3112 2542 3159 n
2582 3106 2695 3159 ns
2774 3090 3093 3164 Arsen
3135 3103 3432 3185 rcuS,
3489 3082 3574 3161 in
3627 3099 3828 3187 agro
3901 3083 4115 3163 Lan-

1182 3188 1517 3295 castrenss
1546 3211 1938 3299 repertuS,
1990 3198 2075 3280 δι
2118 3192 2400 3278 incolis
2438 3197 2706 3279 {hissam
2753 3188 3050 3273 dietuss
3103 3197 3244 3302 qui
3267 3181 3644 3272 ducendis
3679 3188 3910 3283 lineis
3931 3186 4118 3269 ido·

1180 3322 1379 3385 neus
1394 3300 1536 3383 est.
1648 3307 1906 3411 Hujus
1982 3310 2482 3389 mentionem
2551 3301 2751 3387 facit
2794 3302 2904 3385 D.
2960 3298 3122 3396 Dr.
3167 3308 3480 3389 Merret.
3533 3305 3800 3390 rinae.
3847 3327 4116 3387 terum

1175 3415 1548 3499 Natural.
1596 3412 1747 3497 Bri
1750 3416 2129 3502 tannt'car.
2164 3436 2350 3531 pag.
2395 3442 2442 3499 2
2457 3449 2490 3497 1
2511 3416 2584 3497 8.
3785 3486 3790 3491 .

1296 3531 1443 3611 IX.
1506 3529 1589 3607 G
1622 3557 1666 3607 1.
1704 3550 1877 3607 oss
1908 3554 1963 3607 o
1990 3555 2033 3609 v
2083 3556 2127 3609 ι
2162 3550 2214 3607 1·
2244 3554 2374 3611 na
2435 3521 2710 3639 (quafi
2734 3526 3028 3637 Lirgua
3051 3520 3386 3635 lapidem
3450 3529 3561 3618 ita
3594 3522 3832 3629 diua,
3885 3522 4120 3636 quod

1180 3634 1553 3745 linguam
1598 3636 1784 3719 Picae
1827 3642 1997 3718 avis
2032 3632 2296 3751 figura
2343 3634 2644 3721 referat
2674 3670 2699 3717 ε
2781 3633 2918 3721 l'ed
2973 3636 3229 3747 vulgo
3281 3642 3400 3716 ita
3435 3633 3916 3745 appellatam
3963 3662 4116 3720 vo·
4245 3650 4250 3659 “

1180 3743 1395 3841 lunt,
1454 3744 1672 3854 quod
1726 3749 2121 3857 Serpentis
2164 3749 2518 3859 linguam
2567 3750 3009 3857 exprimere
3049 3768 3353 3854 putant.
3464 3743 3708 3829 Unde
3731 3742 3850 3829 nil
3879 3747 4116 3831 aliud

1182 3858 1339 3938 esse
1398 3855 1887 3959 existimant,
1945 3879 2183 3968 quam
2216 3858 2623 3969 serpentis
2668 3860 3034 3968 linguam
3082 3862 3166 3937 in
3218 3852 3572 3965 lapidem
3617 3856 4114 3965 conversam.

1050 4062 1059 4071 ,
1154 3972 1483 4055 ·Verum
1514 3960 1979 4063 sannarum
2068 3968 2576 4075 Serpentium
2615 3972 2839 4048 enim
2917 3967 3218 4073 linguae
3258 3989 3430 4041 non
3483 3966 3930 4077 triquetrae,
3977 3971 4114 4055 led

1178 4097 1471 4161 teretes
1524 4072 1901 4163 &bifidae
1928 4076 2185 4173 funt.)
2244 4082 2902 4177 tumtum
2922 4080 3598 4177 autmuzastntoe.
3717 4082 3952 4189 Lapis
3987 4080 4110 4163 est

1069 4274 1079 4283 ,
1170 4201 1277 4269 'ut
1337 4192 1769 4301 plurimum
1832 4186 2324 4299 triangularis
2353 4253 2388 4298 ,
2439 4186 2595 4274 bafi
2664 4184 3060 4291 craffiore,
3113 4185 3420 4284 scabra,
3481 4206 3668 4267 toto
3749 4190 4110 4301 alioquin

1180 4318 1535 4413 corpore·
1574 4303 1779 4399 laevi,
1838 4308 1915 4385 8(
2020 4294 2181 4381 uasi
2229 4325 2556 4411 corneo,
2633 4298 2960 4385 minutis
3017 4290 3498 4413 quibusdam
3557 4296 3982 4385 denticulis
3999 4298 4110 4381 ad

1178 4409 1427 4495 latera
1471 4430 1801 4494 crenato
1829 4453 1860 4516 3
1914 4435 2013 4494 co
2042 4434 2189 4491 ore
2234 4409 2716 4524 quandoque
2781 4407 3008 4501 luteo
3067 4410 3464 4495 albicante
3488 4470 3515 4513 ,
3575 4411 4109 4523 'longitudine

1181 4516 1521 4608 diverla.
1638 4522 2152 4623 Crebenime
2196 4530 2577 4635 reperitur
2603 4529 2689 4603 in
2719 4520 2988 4605 Insula
3021 4524 3348 4621 Melitta
3405 4548 3996 4633 nonnunquam
4021 4552 4104 4606 e·-

1180 4638 1367 4716 tiam
1411 4634 1501 4714 in
1540 4632 1869 4741 Angliae,
1927 4632 2069 4715 ubi
2092 4637 2181 4713 in
2224 4633 2963 4733 variismatricibus,
3016 4640 3416 4747 praecipue
3458 4640 3882 4719 inmineris
3917 4662 4098 4716 car-

1177 4744 1529 4829 bonariis
1571 4739 1999 4825 delitescit.
2104 4746 2314 4829 Item
2354 4752 2444 4825 in
2475 4752 3146 4855 ,Germaniaprope
3167 4748 3709 4855 Luneburgum‚
3765 4744 3872 4831 ex‘
3901 4748 4098 4829 Alu-

1180 4853 1499 4940 minolis
1542 4852 1829 4937 fodinis
1880 4854 2201 4937 eruitur.
2317 4857 2450 4941 De
2469 4856 2629 4939 hoc
2685 4860 2980 4971 Lapide
3005 4859 3490 4969 'fingularem
3516 4858 4098 4973 Diffirtationem

1178 4964 1668 5079 conscpipsnt
1702 4966 1823 5055 Εἰ.
1877 4965 1954 5050 T
1946 4970 2133 5051 hom.
2160 4968 2665 5055 Bartholinue.
2781 5044 2784 5049 .
2979 5020 2982 5025 -

1290 5088 1406 5165 Χ.
1468 5076 1671 5163 Asu·
1706 5102 1830 5159 ιο
1858 5105 1893 5158 1
1932 5110 1978 5161 τ
2028 5104 2159 5175 ιδ,
2216 5084 2450 5195 Lapis
2468 5080 2852 5177 Stellatis,
2911 5080 3332 5167 Germanis
3380 5089 3873 5181 btmmsttiw
3926 5084 4100 5167 Anss

1178 5192 1395 5303 glice
1433 5188 1547 5296 ἐμὲ
1564 5200 1946 5287 marmus
2002 5196 2264 5300 (quia
2321 5192 2634 5277 stellulis
2683 5190 3200 5306 undiquaque
3235 5194 3374 5277 inli
3443 5190 3666 5280 nitus¹
3694 5207 4090 5313 nigrican-

1176 5303 1433 5410 tibus)
1499 5311 1635 5419 qui
1671 5303 1783 5385 est
1810 5301 2231 5388 moderate
2268 5299 2504 5384 durus
2523 5355 2550 5395 ,
2634 5306 2910 5387 colore
2961 5307 3316 5411 cinereO,
3368 5222 3627 5415 ἕυίὶῑο,
3686 5318 4090 5421 nigrican-

1179 5438 1288 5525 te,
1344 5414 1727 5499 asteriscis
1776 5436 2260 5500 exornatus-,-
2313 5409 2416 5493 ad
2461 5416 2731 5525 capitis
2782 5417 3115 5513 humani
3169 5416 3812 5532 magnitudinem
3839 5446 4088 5531 quan-

1175 5527 1441 5637 doque
1499 5525 1993 5610 excrescens.
2105 5532 2201 5613 In
2258 5526 2678 5615 comitatu
2709 5528 3086 5639 Zyrelerfi
3118 5536 3206 5613 δέ
3240 5536 3440 5634 circa
3497 5557 3759 5615 arcem
3803 5540 4084 5617 cinnae-

1178 5643 1367 5725 riaem
1396 5640 1829 5743 invenitur,
1892 5647 1977 5723 ὅτ
2020 5640 2222 5727 alibi.
2343 5638 3058 5763 Aceto'impofitus
3073 5642 3258 5739 hinc
3298 5640 3492 5731 inde
3535 5667 3950 5742 movetur,
3989 5668 4084 5833 asc

4049 5780 4078 5833 1
